,code,date,pchange_whole,pchange,change_std,amount_median,amount_std,length,sumsell,sumbuy,sell_vol_0,buy_vol_0,sell_vol_1,buy_vol_1,sell_vol_2,buy_vol_2,sell_vol_3,buy_vol_3,sell_vol_4,buy_vol_4,sell_vol_5,buy_vol_5,sell_vol_6,buy_vol_6,sell_vol_7,buy_vol_7
0,000001,2017-09-19,-0.010666666666666602,-0.008888888888888835,0.19695215498784827,55624.5,466100.0724790765,3266,395893919,295250393,696188,869646,16903064,15567769,20646199,16746337,32495511,29151810,27020442,20214785,25152860,21247182,22417231,13663557,250562424,177789307
1,000002,2017-09-19,0.017686593562080022,0.01910152104704621,0.47361262707384344,319464.0,1522008.9229579486,3569,1191828836,1547458842,112336,191726,3801438,4685079,14286572,12570572,40164297,41189331,45838763,43768943,42973475,44562797,42572864,37371420,1002079091,1363118974
2,000004,2017-09-19,-0.016472478907191612,-0.010445962233828876,1.2656855254199988,12545.0,51580.99535368141,386,6628342,4642118,369442,474929,1732886,1663983,1132095,1556628,1762090,699179,1004019,247399,0,0,0,0,627810,0
3,000005,2017-09-19,0.017142857142857126,0.01904761904761898,0.11333816144229242,16722.5,115074.41424920356,2152,53600699,70007647,1557912,1442647,8850849,8571172,9049362,10912812,14609522,11872564,8886632,7288873,2761400,7714003,2659529,5764134,5225493,16441442
4,000007,2017-09-19,0.012804097311139628,0.01472471190781044,0.66976907501686,15880.0,151408.88213742382,544,13542805,15579787,385687,343843,2951828,1819235,2681562,1692531,3742374,1550923,694095,829884,963476,1034685,447816,422408,1675967,7886278
5,000008,2017-09-19,0.00108108108108107,-0.00432432432432428,0.19276541823654905,27630.0,318441.970783956,2306,89177951,130748380,1634715,1702781,9152092,11528196,10220732,13633108,17819350,19259032,12146864,9912089,7386317,7228735,7307297,9879606,23510584,57604833
6,000009,2017-09-19,-0.024896265560165998,-0.018672199170124415,0.17948970330605155,47400.0,362007.3869583278,2889,246567200,152517339,1341265,1553680,12818098,11967099,20012157,16558727,30887080,24889377,22360785,20651257,16956072,12580718,16469963,9579240,125721780,54737241
7,000010,2017-09-19,0.009803921568627638,0.007843137254901933,0.21834710044954647,10260.0,59346.46225953718,545,8310352,9128710,339309,553122,2054429,1932704,1600713,1899759,2872531,2017568,756735,1029040,686635,670575,0,0,0,1025942
8,000011,2017-09-19,0.031669865642994344,0.04318618042226485,0.3734563012162356,74120.0,287756.4653375751,3117,222468682,286741931,689149,717941,12273825,12174958,20746914,21191403,34744301,38646328,31839210,28928677,25975958,21055120,18864935,17663382,77334390,146364122
9,000012,2017-09-19,-0.014772727272727382,-0.012500000000000178,0.20000892324886738,23463.0,210380.27143306215,1937,88828042,51029634,1572429,1484843,9719268,8639736,12911631,8801315,15089183,9208119,8264400,4775281,5303119,3482570,3454219,1366748,32513793,13271022
10,000014,2017-09-19,0.012195121951219523,0.016260162601626105,0.48641528520648375,20856.0,82660.04608604967,1253,28928374,30789448,927359,726195,6498039,6982853,6604072,6556817,6307839,7156071,3034439,2657093,2377690,1430301,847180,2557659,2331756,2722459
11,000016,2017-09-19,-0.0050000000000000044,0.0016666666666667052,0.2477312123867454,11485.5,93319.60572183489,586,14223188,8803364,565512,422623,2699076,2284408,2228675,1159012,3065186,1333278,1331387,926785,618400,938518,450600,0,3264352,1738740
12,000017,2017-09-19,-0.002481389578163906,0.0,0.37626223689599725,8100.0,57914.58040996334,458,6010653,6620583,448527,731372,1585745,1980372,517060,1238481,1439227,689346,695400,666040,322400,1314972,439008,0,563286,0
13,000018,2017-09-19,0.0,-0.0012722646310433516,0.23578437227708565,13413.0,57037.53411354715,1111,19905910,16866751,934438,1119758,5396454,4771921,4572767,3461034,3929924,3454257,2712836,1859320,1498876,1725900,860615,474561,0,0
14,000020,2017-09-19,0.013534617386777636,0.014575741801145181,0.8260298346445534,13573.0,63961.802928643156,540,5523368,11128528,655091,608824,2148246,2644019,1308095,2284103,1176833,2099048,235103,489750,0,756800,0,883434,0,1362550
15,000021,2017-09-19,-0.007683863885839748,-0.004390779363336872,0.22424875956827883,9120.0,70851.72135112876,1651,30637307,22776830,1672743,1335809,7049077,4952767,5908442,5541545,5576333,5076815,3797560,2320272,1012867,1097222,1767893,462075,3852392,1990325
16,000022,2017-09-19,-0.012331838565022513,-0.01606875934230212,0.9001781445737326,21416.0,209963.2534442782,883,40793247,20600874,493197,645924,4683267,4085827,4985366,3889358,4925123,4799021,3076293,1392805,2070385,646071,979836,0,19579780,5141868
17,000023,2017-09-19,-0.010922330097087318,-0.0020226537216827545,0.9434743766728163,17087.0,74708.6405509536,686,11344330,10105051,586340,730968,4299855,3334518,2274741,1944408,963387,2463948,694309,211555,321474,0,0,900534,2204224,519120
18,000025,2017-09-19,0.01671064204045747,0.02000879507475828,0.9297983699658483,31968.5,108024.13725846635,2392,60371611,89288234,1680637,1720703,11813930,12625954,13613312,16084949,14551551,21924325,10014545,11650558,3054812,9073921,2360355,3583640,3282469,12624184
19,000026,2017-09-19,-0.009181969949916602,-0.004173622704507607,0.3939637466605773,2392.0,60533.8648780034,924,12867988,6632452,544834,996912,2206592,2378094,1878182,1347005,1409251,1672641,2047879,237800,1436818,0,923677,0,2420755,0
20,000027,2017-09-19,-0.0060882800608828,-0.003044140030441511,0.2123409597277976,7205.0,83963.38649746988,957,19224505,8166000,1129661,653851,6233832,2041685,3917421,976859,2179025,996395,2015835,542975,0,327500,0,987935,3748731,1638800
21,000028,2017-09-19,-0.0013293943870015257,-0.004283604135893793,1.6652258672384679,13422.0,116044.55477063252,1653,35038834,43973368,511450,4418242,4677334,5378223,3306642,10920104,6521527,5969363,2325629,3841851,6239379,4357389,1340320,1779958,10116553,7308238
22,000030,2017-09-19,-0.008849557522123686,-0.011061946902654829,0.2868222129891345,10788.0,117539.89272625397,993,30694213,12133534,1309429,759250,5233820,2906458,4050867,2293959,4533008,2463803,1091345,764678,2010263,1112274,1385956,1295809,11079525,537303
23,000032,2017-09-19,-0.023190442726633842,-0.006324666198172846,0.497922123582033,14160.0,72587.43886608913,816,22266213,8119014,705262,848598,5026346,2742723,5158876,1477893,5046839,986783,2435770,505194,1379584,0,833660,875793,1679876,682030
24,000034,2017-09-19,-0.03500000000000003,-0.015454545454545499,0.6371424600000694,19773.0,127351.54958768675,1192,41902872,19660193,727045,885708,7098015,5430176,6939139,2919375,5456014,4224991,3460911,3050948,1951711,1834616,2292953,418481,13977084,895898
25,000036,2017-09-19,0.029850746268656803,0.037752414398595224,0.20245021109148464,70980.0,341033.87991437764,3169,267683068,306431763,826106,988038,12231359,13276854,17606887,17893578,37262500,37395496,25753634,33726148,30959592,30217720,26729113,18790077,116313877,154143852
26,000037,2017-09-19,-0.005574136008918651,-0.00891861761426982,0.24588838612752625,894.0,53684.01236220129,1331,11986231,2813798,1775944,506882,2282729,1245780,1945130,360675,437516,500430,262848,200031,300482,0,1313722,0,3667860,0
27,000040,2017-09-19,0.006752194463200523,0.010128291694800895,0.40608061820152047,8970.0,137784.8949567242,1331,16870982,43247432,452540,4263213,4234126,5033855,2176438,4822980,2883704,7389145,836977,4330643,1044962,3881692,1295315,2192037,3946920,11333867
28,000042,2017-09-19,0.008064516129032251,0.004608294930875667,0.5249620690188377,3490.0,57088.92558521252,1094,10242158,10527267,1128086,788030,2995723,3504542,1664435,1714648,1650366,2015486,1075583,0,359470,1088007,475200,428894,893295,987660
29,000043,2017-09-19,0.00561272217025266,0.008419083255378768,0.3432506786258197,21700.0,156619.80993276573,970,26968500,38454070,474728,768321,3241778,5401314,4221972,5311202,4538016,8168260,4241114,3534538,1993321,4033035,0,2259384,8257571,8978016
30,000045,2017-09-19,0.00164473684210531,0.00164473684210531,0.315016175818689,24340.0,110330.47256583326,1490,40562294,49353332,953885,926543,7323800,7774135,7260860,7958571,10893355,9699629,4724305,4950840,4170062,5219937,2211164,1787159,3024863,11036518
31,000046,2017-09-19,0.0036101083032489267,0.014440433212996373,0.2189019023963121,15246.0,241317.25665234058,1442,49110109,49411627,1083607,1347877,6054084,5395532,5700893,5691054,6479715,6248346,3680383,6585053,3676646,4180294,3489954,3608491,18944827,16354980
32,000048,2017-09-19,-0.011887072808320909,-0.00965824665676085,1.4204534363599588,10692.0,41170.81667500938,359,5381022,2427336,278035,375449,1740051,1023307,1725106,432270,1077012,104910,560818,0,0,0,0,491400,0,0
33,000049,2017-09-19,-0.029022777369581143,-0.027002204261572404,1.0679400766285982,31806.0,167780.51613986414,2599,131022189,69745185,890126,780137,18871317,10254643,17019369,12969089,23657593,14866531,13373036,10463888,9395662,5457460,5687626,1825979,42127460,13127458
34,000050,2017-09-19,-0.03915530136383638,-0.025076990761108697,0.45356957911426826,37740.0,362185.7196531572,2512,205632022,143430239,959854,1241682,10443759,13573414,13074283,13090845,20951320,21644469,16788748,12637637,13474904,9358068,10846676,9782963,119092478,62101161
35,000055,2017-09-19,-0.012722646310432628,-0.010178117048346036,0.2511972826465021,11775.0,87445.39291345762,979,24234441,11829807,849097,1036796,5347353,3444231,3508157,2689900,4998335,2618520,1087888,1381196,2141601,0,457273,0,5844737,659164
36,000056,2017-09-19,0.00646203554119551,0.012116316639741331,0.4769594991525579,8806.0,69305.03090168862,673,9410650,11498140,869609,578609,2502915,2296455,1260696,2102445,1703952,2213354,1873478,450711,738750,1423750,461250,1789802,0,643014
37,000058,2017-09-19,-0.0037453183520598232,-0.0024968789013731785,0.3074712269447764,11193.0,68743.04581995764,678,13029522,6227402,863238,684225,3634320,2303947,2521059,1423624,2496171,1275539,752766,540067,323604,0,0,0,2438364,0
38,000060,2017-09-19,-0.0213776722090262,-0.006334125098970689,0.23707464245328108,22464.0,267394.1198252785,2841,119290295,114622173,1344577,2214295,11434394,14147117,12754167,10738344,19736600,16517535,14241897,10330422,8786246,7207552,10164933,6652138,40827481,46814770
39,000063,2017-09-19,-0.019199999999999995,-0.015199999999999991,0.46621461167810835,64246.0,386129.53204172215,2876,292047311,216113983,996504,1097653,11104477,11591493,18017745,15211159,39311675,26648216,35199620,22961178,20574241,16485401,18865430,10282202,147977619,111836681
40,000065,2017-09-19,-0.012543252595155874,-0.00865051903114189,0.7657136544243297,18368.0,125637.80141260057,911,34438824,15714739,690370,545571,5604475,3799058,4176183,1748485,5887161,3356461,4865267,3469431,1726999,1700354,818276,429539,10670093,665840
41,000066,2017-09-19,-0.013729977116704872,-0.009153318077803174,0.19535668105283782,19895.0,215733.78008936293,2003,91895857,55564071,1585019,1364701,11907293,7517092,8357124,6534228,12311582,6970242,6610596,5301500,4189113,5558064,7613034,4038343,39322096,18279901
42,000068,2017-09-19,0.030000000000000027,0.03857142857142848,0.16723456135433165,20300.0,203816.1499061446,1755,48887955,50411268,1400032,1255385,7895598,7556536,8292922,8478015,10776309,9609507,5699966,9091689,3429026,3906463,0,2237690,11394102,8275983
43,000069,2017-09-19,0.0,-0.0021459227467810482,0.1642475252122683,74023.0,322438.65680336853,3233,297895886,268607830,969197,1089878,13555901,10201634,20086176,11541072,51467344,30763289,40427745,34583880,30432846,22133004,24430091,19777376,116526586,138517697
44,000070,2017-09-19,-0.00747663551401867,-0.004672897196261627,0.36325054060356154,10660.0,74194.29822048267,867,16494425,10433130,638094,748530,3763267,3277191,2901164,2009515,2635335,1953720,1393606,1342066,1296441,0,815865,0,3050653,1102108
45,000078,2017-09-19,-0.0016447368421051989,0.00164473684210531,0.1535169954188191,9135.0,158756.89229521996,1571,20852725,33481234,1166583,1592088,4603989,9223319,2330747,7358590,5010136,3886118,1422385,954870,2414326,1026111,1750744,1313394,2153815,8126744
46,000088,2017-09-19,-0.007583965330444253,-0.00650054171180936,0.2944594788418908,12866.0,170672.6707341956,982,29508212,12668620,1236608,898235,5780662,3021826,4174122,3056832,4359915,1791297,2298633,1727151,1388572,1006120,1386674,466439,8883026,700720
47,000089,2017-09-19,-0.004629629629629761,0.0,0.22068993531386408,10356.0,82418.52385681146,1533,29280919,17133684,3211117,874699,9413732,4679037,3103420,2482710,4330102,2307368,1680101,2208360,1047953,0,1350155,854010,5144339,3727500
48,000090,2017-09-19,-0.0008467400508044287,0.007620660457239525,0.27913195233047844,26378.0,136334.18796621845,1791,68944212,64052245,938480,652487,11741256,6658062,11587509,7223045,14685168,10312986,10392462,11325094,4391516,6191432,3986740,3745664,11221081,17943475
49,000096,2017-09-19,-0.0041407867494824835,-0.002760524499655026,0.693994094268942,7260.0,37061.41935984905,435,4730368,3504262,318294,639286,1701177,1671281,949582,423625,733095,770070,288600,0,304920,0,434700,0,0,0
50,000150,2017-09-19,0.019744058500914097,0.02888482632541134,0.7843094304062784,21998.0,150523.86020497236,1216,29385711,58712552,1011808,655070,5490823,5111561,4472905,5253257,5008531,8221653,2569279,9109092,1675460,6047563,1677946,6174377,7478959,18139979
51,000151,2017-09-19,-0.014555256064689992,-0.009703504043126698,0.6087151366310241,22098.0,133488.05899004304,928,36809320,20859827,674582,774627,5528690,4052257,6556966,2684812,6669874,3955475,3735696,2181458,2299399,698269,1820152,857390,9523961,5655539
52,000153,2017-09-19,0.0,0.0,0.42953757773458784,10345.0,89575.96023373015,572,11135861,7877595,360367,640975,2568273,2571031,1506661,1678987,1702722,1343859,465150,1333743,344045,309000,470934,0,3717709,0
53,000156,2017-09-19,-0.0020380434782609758,-0.0013586956521740579,0.4559386554622601,11788.0,112719.69165739254,1042,27354493,19102534,592460,834453,4261379,3871125,3688757,2757799,4655029,3207962,4273367,1949413,2430248,303026,3082933,1316875,4370320,4861881
54,000157,2017-09-19,-0.008658008658008698,-0.008658008658008698,0.08698306989425562,8759.0,196461.62653065388,2834,87203543,41082560,3268266,1081513,13492833,8551877,6608382,5185953,8152363,4622820,5439398,2478471,2416606,2087237,5072667,2642975,42753028,14431714
55,000158,2017-09-19,-0.007366482504604033,0.0009208103130755596,0.2699762286698065,14144.0,130600.86073997646,1619,39036918,31811352,1115552,1294695,8397908,6777324,6252650,5751299,7534489,4727377,5720546,2787321,2918737,645973,2202741,0,4894295,9827363
56,000159,2017-09-19,0.015827338129496216,0.025899280575539585,0.17531151379283338,21000.0,136493.55522342146,1573,41112907,48697274,1198048,1066534,8269055,6771960,6939714,7621196,7988202,10232874,5649216,5162932,2286318,2726639,1399234,3155306,7383120,11959833
57,000166,2017-09-19,-0.009999999999999898,-0.00666666666666671,0.13638499426275863,12495.0,224980.02118796832,1939,73644333,45484287,1398899,1429201,7943731,8084488,8068997,5829250,10793908,6766954,4367687,2258788,4358201,662156,3581980,890050,33130930,19563400
58,000333,2017-09-19,0.0033444816053511683,0.006450071667463142,0.7337520895916945,108692.5,602493.4987444426,3256,475140998,433299992,569113,735318,11320300,8545870,23978702,16476970,51654484,32154230,43641506,33857676,37495460,26429617,35600243,24310472,270881190,290789839
59,000338,2017-09-19,-0.015748031496062964,-0.01049868766404205,0.1354174952825622,15792.0,277436.25628791755,3174,141565355,88883900,2533682,2283272,11885680,13646551,11943733,14150072,16652950,16621657,10879933,6924095,7761661,5430524,5264718,5744478,74642998,24083251
60,000400,2017-09-19,-0.022994952327537677,-0.015703869882220833,0.43195085585913395,18666.0,122209.91361158695,1704,60716786,36459403,1180607,1082536,8621160,8805785,6277620,8043898,11574176,7878521,10761954,2760327,5802811,2858651,3514856,433485,12983602,4596200
61,000401,2017-09-19,-0.006343713956170616,-0.0017301038062284002,0.31716569172257775,43175.0,299442.866455138,2990,216375973,168859790,1723028,1145918,13872285,12233402,19741548,15968690,29928555,24730584,22251471,20147735,22407558,17212011,18570690,9048264,87880838,68373186
62,000402,2017-09-19,0.04173354735152479,0.04654895666131598,0.22353465222151675,73864.0,594269.169836974,3113,368468837,447536502,1062998,1044342,9428093,11604632,14140145,16034419,29946135,30479322,27397630,26147003,22238132,26428323,25602156,21172388,238653548,314626073
63,000404,2017-09-19,-0.012674271229404233,-0.006337135614702172,0.20896072309507258,16590.0,125637.2896259738,1426,52204376,35044411,1343063,783655,6709431,5886564,5251145,5560881,10226962,7054254,7892554,5401307,5029714,4484315,3199684,1796698,12551823,4076737
64,000407,2017-09-19,0.003694581280788256,0.013546798029556717,0.25845514657470664,17241.0,198066.06571320456,987,26662430,43940517,800955,1038116,4618679,4997423,3026296,5181785,3106376,5759073,2221242,3817149,0,3301545,1319729,3165282,11569153,16680144
65,000408,2017-09-19,0.004010025062656686,0.018045112781954753,0.39336619607984574,51325.0,274285.52749345213,2578,165586427,212832004,761616,957134,9183261,12026135,12696690,14825128,18443254,29620907,18225231,25402381,14900141,14860039,13029045,20229383,78347189,94910897
66,000409,2017-09-19,-0.017766497461928932,-0.006345177664974555,0.2632138993197003,14755.5,81481.00792865903,896,23978373,10750296,774508,767024,5099411,3471517,3896356,2025058,5746104,3007347,2240635,1082646,2840092,396704,453546,0,2927721,0
67,000410,2017-09-19,-0.014925373134328401,-0.006396588486140775,0.3141466472478732,9400.0,73332.57608350001,891,20016015,11293750,1170652,900307,3683821,3222998,3343696,2241444,5242053,2088126,2858284,1333419,1002169,655635,869061,851821,1846279,0
68,000411,2017-09-19,0.001394700139469851,0.01441190144119009,0.6507062656517387,4312.0,37435.7500064728,1094,6714344,11861026,450441,2608178,2671161,2337771,1576386,2737271,1471778,1690756,218178,1314584,326400,697226,0,475240,0,0
69,000413,2017-09-19,-0.017841213202497874,-0.015165031222123204,0.18781652751831124,194013.5,763565.9394966436,3566,796924139,633017492,108156,203215,5264643,6555868,18276000,18294274,68718690,55932104,63163589,60580030,45855830,56031577,44239227,39385201,551298004,396035223
70,000415,2017-09-19,-0.014513788098693747,-0.010159651669085501,0.13988075512885934,4098.0,80782.14468546252,2431,42103203,15017136,2404673,1484286,9834269,4033932,14253098,3193598,2513314,2104133,2477849,1123321,2108958,341000,911785,0,7599257,2736866
71,000416,2017-09-19,-0.003712871287128605,0.0024752475247524774,0.20407231125077105,809.0,44443.64676392022,1568,11209567,7339829,1604141,463631,2422451,2088675,1901706,1150371,1617505,2346718,941015,1290434,1090669,0,0,0,1632080,0
72,000417,2017-09-19,0.007891770011273946,0.016910935738444266,0.2175505638275755,18100.0,135276.35225006158,1663,42551692,57916526,1554228,1339458,8742133,7656953,6450988,7699514,10418635,9114928,5855695,6708857,1941027,4233228,1818321,2709186,5770665,18454402
73,000418,2017-09-19,-0.01179875333926983,-0.00044523597506684887,1.4252043469139368,17884.0,81089.38026068009,993,20255817,16196491,1300820,881475,4897549,5129722,4778367,3454604,3899657,2064127,2595719,959439,307415,323424,490968,455100,1985322,2928600
74,000419,2017-09-19,0.012729844413012614,0.012729844413012614,0.18638019633992717,2151.0,86373.25747649955,1439,10042378,25393445,482966,1699660,2377554,4076260,2043324,2973116,2007179,3919137,916712,3865621,1354525,2676709,860118,429000,0,5753942
75,000420,2017-09-19,-0.008645533141210415,0.0,0.10692631291915297,2094.0,41435.41038394738,1056,9034343,6551039,533528,1219343,2619590,2553664,1690511,1253512,1576129,961110,419688,200448,1066026,362962,436179,0,692692,0
76,000421,2017-09-19,-0.004115226337448541,0.0,0.29449930710909233,10178.0,65083.246986685,612,10305816,8722951,701880,377200,2309664,2271695,2160633,1491860,1684310,1925306,1576094,879001,703344,363500,0,874200,1169891,540189
77,000422,2017-09-19,-0.010989010989011061,-0.0015698587127158659,0.18262660168937642,19110.0,147253.9927498637,1217,46331624,34065157,1011796,621851,6648609,3979348,6499807,5382538,7623921,6258543,6440890,4143241,4586695,2704485,2293085,1347799,11226821,9627352
78,000423,2017-09-19,-0.018408736349453836,-0.014352574102964089,1.2050960489585951,57402.0,236522.58510004223,2829,191297530,123958094,770390,851238,13218161,11428333,22963446,24733976,39944143,24700585,20336200,13429065,17871854,10248207,9061489,5631857,67131847,32934833
79,000425,2017-09-19,-0.01308900523560208,-0.007853403141361182,0.06785324981280931,6426.0,177777.04370854684,3203,61321478,42130252,2867995,2826889,12542933,10958835,6274075,5109776,4830983,4648995,3202635,3690242,2625193,2736862,468160,891029,28509504,11267624
80,000426,2017-09-19,-0.023235800344234003,-0.002581755593803692,0.25811493390604123,12683.0,122164.9451925389,2031,44665968,44844182,1488614,2603068,9272884,8625525,6064440,6890327,6799943,7842176,5521745,4024838,5257053,4179612,2648161,2690058,7613128,7988578
81,000428,2017-09-19,-0.0059880239520956335,-0.003992015968063756,0.23999932179408293,10000.0,113034.55410783496,435,12950508,5686327,449367,366147,1925710,1837721,966035,1345202,1631118,1068500,1805458,470493,1417500,0,931635,0,3823685,598264
82,000429,2017-09-19,-0.005820721769499548,-0.005820721769499548,0.27449406330602505,6840.0,80810.34639090105,979,14529629,8659285,803433,1102578,3193826,3159540,2820370,1693885,2817807,1105790,1248857,747286,653779,0,898455,850206,2093102,0
83,000430,2017-09-19,-0.0064814814814815325,-0.0064814814814815325,0.39979275727420727,10780.0,75832.073522273,729,11764678,8555171,530769,614816,4020614,2945943,2174689,1444207,2355516,1400072,1635074,491275,0,0,491129,0,556887,1658858
84,000488,2017-09-19,-0.021358159912376773,-0.013143483023001168,0.35161085329474134,28848.0,267775.93931525794,2699,167763193,107973978,2165835,1088417,12447976,10714231,16015102,11964763,24853717,19022775,16401726,8705298,12630323,10953756,9497616,3939400,73750898,41585338
85,000498,2017-09-19,-0.005793742757821629,-0.006952491309385911,0.17044273068365304,6831.0,59222.39849434865,2569,32835435,28088353,2800547,1586581,8872347,7962189,6602854,5278763,5385934,4794985,3381905,3502165,2419452,1069849,2154338,1301387,1218058,2592434
86,000501,2017-09-19,-0.001116071428571619,-0.007254464285714413,0.4347375273220074,10656.0,85116.23353384122,1699,34794524,18779224,2669364,733744,8382666,5082074,4377249,5013632,6488065,4539847,5571456,474210,1759923,1033052,414274,493060,5131527,1409605
87,000502,2017-09-19,0.03942953020134232,0.036073825503355694,0.3694274520065154,13585.0,86294.6998376199,1041,13623056,28825158,696675,1015937,3605074,6506839,2399968,4884328,3867993,5010848,1645682,4079168,1407664,615428,0,2246914,0,4465696
88,000505,2017-09-19,0.020183486238531945,0.014678899082568808,0.2735039334875555,24398.0,203210.2381932103,1593,58870411,55988182,845706,896968,6922558,8282615,7041543,9331051,13423324,10362928,6520798,5008431,2705298,3936296,1789440,2156636,19621744,16013257
89,000507,2017-09-19,-0.009354536950420878,-0.005612722170252438,0.24379959381773889,18122.0,121808.44361071708,1923,58892483,32156024,1406793,1120832,11658106,8454122,9273614,6333368,11182779,6348643,4243238,3735453,4036992,1766960,902476,959855,16188485,3436791
90,000510,2017-09-19,-0.014367816091954033,-0.011494252873563093,0.26292952923016216,17714.0,97466.02507590015,1577,50325855,21515063,1118305,1029269,9164362,6501498,8549320,5111134,9736366,4937139,7163130,2374789,4039745,618080,1295421,943154,9259206,0
91,000513,2017-09-19,-0.0016237061091943783,-0.0006088897909478641,1.2861223125946026,24575.0,98047.03701350233,1467,30906466,38155446,1220740,1321406,6278664,12499578,6034010,10693381,5552713,3078143,3838277,2781472,1385831,1457408,2321935,1430958,4274296,4893100
92,000514,2017-09-19,0.024390243902439046,0.02682926829268295,0.1580663749837144,31996.0,150624.57698561327,2696,105342331,116372526,1627634,1532140,13470947,11638250,15589911,15816422,20124115,24441760,16428369,15725558,11382881,12546689,2521844,10524281,24196630,24147426
93,000516,2017-09-19,-0.009398496240601628,-0.00375939849624074,0.18589026814124518,15870.0,246162.98433094556,819,36482632,12861951,690471,405408,3440529,3464842,3748832,2051421,4750614,2400792,3081550,1333655,1667841,949441,1353713,471170,17749082,1785222
94,000517,2017-09-19,0.022522522522522515,0.029279279279279313,0.09234533692749908,11525.0,132882.19006874657,2321,43090106,68861323,1346155,2096797,7745975,10459859,7942714,11183798,6084299,13688435,5924228,7346154,2811629,4427308,1738596,6396285,9496510,13262687
95,000518,2017-09-19,-0.00652741514360311,-0.00652741514360311,0.3720646883248744,7630.0,55097.55358870106,423,6942805,2674458,538769,492975,1645222,977340,1752874,439085,1181802,530662,228600,234396,341376,0,0,0,1254162,0
96,000519,2017-09-19,-0.018421052631579005,-0.012280701754386003,0.26272406387763875,17070.0,92564.28054777886,1883,49680406,29055459,1276687,1361304,11649342,7965397,10017405,5970174,8903642,5138968,6347595,3052900,3123199,1352429,0,1392814,8362536,2821473
97,000520,2017-09-19,-0.0036900369003689537,-0.0018450184501844769,0.19195937842830876,10800.0,89592.35815170832,797,15157634,11875687,646370,766903,3237641,3195950,2195629,1723256,1993544,3245925,2283796,1669833,309482,667289,1367895,0,3123277,606531
98,000521,2017-09-19,-0.004991680532445808,-0.004991680532445808,0.16380690965802536,1196.0,38651.48175765687,1347,7515814,7448470,729825,1094541,2024971,2203250,1066441,1932896,1365452,949119,453244,493374,964925,0,910956,0,0,775290
99,000523,2017-09-19,0.0010362694300518616,0.0010362694300518616,0.41116538427151245,11543.0,65054.732852645,550,8911327,8880205,575740,646841,2429573,2495786,2457287,2001702,1117401,1604530,1003005,516390,651421,301010,0,0,676900,1313946
100,000524,2017-09-19,-0.00591278640059123,0.005173688100517326,0.34246803418516153,8148.0,22728.98952840139,1565,13055200,11644463,5221104,1021710,3596940,7398498,1650934,1926416,2049819,1047783,536403,250056,0,0,0,0,0,0
101,000525,2017-09-19,-0.0078089113458887915,-0.01010564997703256,0.630400787927209,15015.0,96477.97632768945,1194,30072527,19918310,402176,1315122,4832919,6083719,3659652,3678352,5708572,4214385,5118774,2014228,2017225,691704,2588408,494500,5744801,1426300
102,000526,2017-09-19,-0.0022586109542630517,-0.0008469791078486999,1.6852199117429907,17675.0,46616.87449151889,441,8904122,5595309,212871,415631,2334493,2213409,2272549,1178838,2801622,1110195,1282587,677236,0,0,0,0,0,0
103,000528,2017-09-19,-0.012154696132596787,-0.006629834254143652,0.176673070592655,7212.0,78515.57804357527,2628,30976831,29188320,2370388,2479672,8475737,10800995,5982099,6736774,4412860,4842066,1551922,1112787,1767516,1035861,485276,1276886,5931033,903279
104,000529,2017-09-19,0.0011737089201877549,-0.0023474178403755097,0.38262685994001566,4280.0,32515.99192486165,495,6731108,2204752,678099,309505,2381341,875881,2182077,474846,735878,301131,753713,243389,0,0,0,0,0,0
105,000530,2017-09-19,0.0,0.00910273081924573,0.26801196812230094,15580.0,65922.71401446177,823,12900705,15694913,672412,648541,3234266,5066069,2460038,4742768,2533890,2850036,1678898,788240,0,695268,0,903991,2321201,0
106,000531,2017-09-19,-0.0022522522522524513,-0.0045045045045045695,0.4229689338571622,7965.0,68578.54492092009,440,7963115,3697405,394375,540424,1868263,1162136,1373653,996990,1625107,628874,1303407,0,309750,368981,0,0,1088560,0
107,000532,2017-09-19,-0.016176470588235237,-0.006617647058823506,0.5499022029285988,13550.0,97285.20596042596,611,16118712,6938843,471317,572651,3056328,2269499,2528590,1933041,1862424,1375294,2097603,788358,1350905,0,815400,0,3936145,0
108,000533,2017-09-19,0.00858778625954204,-0.000954198473282375,0.4427385321432818,15697.5,284565.4065081403,560,15812984,25390879,365248,403831,2686576,2258867,2463669,1214129,3568196,2378701,1751260,1359383,1813763,1076316,2119274,490575,1044998,16209077
109,000534,2017-09-19,0.006246096189881145,0.008119925046845555,0.4655341667473959,16250.0,121701.81690961265,1183,33697249,33658447,1125260,1133147,5533107,4206687,6081021,3375544,5513302,5414236,4021234,2625907,2652630,3822297,1405815,1853792,7364880,11226837
110,000536,2017-09-19,-0.003454231433506094,-0.0017271157167529916,0.22002930035216947,9240.0,99172.30528089673,692,15335620,11324674,792743,353274,2688789,1946521,2494686,1479403,2827270,1391925,1626358,697674,751875,3076574,1769799,0,2384100,2379303
111,000537,2017-09-19,0.07605633802816913,0.07230046948356805,0.20058637862122417,53281.5,909027.883085032,2828,319937538,295952417,1012438,1142920,10056007,10102307,14232183,12112777,30251051,25292658,25080943,25417527,13327687,13902477,19077526,10271689,206899703,197710062
112,000538,2017-09-19,-0.020385050962627327,-0.020385050962627327,1.6924272569515852,60508.0,181133.3039178611,2729,197274715,109280035,1695100,1537299,11983161,9888521,20969714,19580085,36408841,22657505,36766150,13408770,34055296,13949394,17803349,7597255,37593104,20661206
113,000539,2017-09-19,0.0037878787878786735,0.0037878787878786735,0.30188859979531296,5300.0,77522.69139524674,305,4224051,3264892,272852,259841,1402174,623117,446576,361214,930941,665420,216452,232760,0,0,0,424000,955056,698540
114,000541,2017-09-19,-0.005434782608695565,-0.003260869565217317,0.30256675177956144,9155.0,60017.47299073584,924,15069200,8379802,910005,1062698,4357522,3030311,2181744,1280158,2983478,2233860,1768032,0,710955,303600,0,469175,2157464,0
115,000543,2017-09-19,-0.0035211267605632646,0.0,0.19433614258860746,5670.0,206961.29124793218,854,26253822,16305929,1064718,262688,3207313,1076912,2336486,1529274,2008000,2396923,2988114,753982,987170,7007781,0,0,13662021,3278369
116,000544,2017-09-19,0.0029171528588098905,0.003500583430571691,0.6030219311277457,13768.0,68048.31561579312,807,14748940,11805570,710942,842191,3562746,3648028,2568046,3176188,2537490,3391765,767851,747398,722180,0,1713618,0,2166067,0
117,000545,2017-09-19,-0.02187500000000009,-0.012499999999999956,0.1736645862120031,12620.0,98896.30297917312,1359,36488079,16444040,1215922,1170693,6997648,4760426,6465107,2921603,5969945,2534431,1735884,1442699,4172823,1672280,1359355,1374008,8571395,567900
118,000546,2017-09-19,0.027066569129480467,0.029992684711046103,0.3113785036399134,27960.0,194527.93370121453,1929,65899615,93646405,1162922,959294,10600806,8856715,9904909,10040325,12256475,13984497,9143197,9101945,6182223,7342858,3993054,7043422,12656029,36317349
119,000547,2017-09-19,0.0052310374891018085,0.009590235396687019,0.25800288566475194,22660.0,113057.21743545608,1977,58099157,58160425,1370067,1052785,11118749,8987443,8889245,8521309,11222134,12374271,8819255,5661850,5630008,3813618,3813726,4443947,7235973,13305202
120,000548,2017-09-19,0.012484394506866447,0.014981273408239737,0.20341615725412887,9672.0,68925.0925601455,1551,16421586,30369813,770381,2280447,4548705,8307418,2861674,6438325,3983313,5747474,740935,1938543,992864,2089934,1794714,1249834,729000,2317838
121,000550,2017-09-19,0.0,-0.008595988538681931,0.5723553558246038,18648.0,113883.48123618493,1338,41554917,26981828,1123692,782513,7610075,5142203,6093839,4584783,7053037,5018480,5308434,3114917,1714776,2535121,1420638,933540,11230426,4870271
122,000551,2017-09-19,0.009503695881731833,0.01689545934530101,0.3128246066800625,19320.0,274444.22212345497,916,31153118,36331396,795832,747309,4691415,3633154,3894545,2915456,6225730,5531689,3914791,4775861,964755,2136031,1434379,2929194,9231671,13662702
123,000552,2017-09-19,0.0,0.004878048780487809,0.07974826862474357,4920.0,72595.63783573236,2665,26619479,26195357,2631728,3394386,6634761,5093863,3285805,2615826,3240000,2800089,1571175,2727021,1038820,1368783,857571,3086944,7359619,5108445
124,000553,2017-09-19,-0.005743000717875146,0.0,0.4710408658776765,11076.0,54766.80985845798,874,13316438,8514806,798715,486096,4038527,3581762,2274032,1891880,3306178,1160568,1414462,0,385578,0,455400,0,643546,1394500
125,000554,2017-09-19,-0.0030364372469636747,-0.0010121457489880026,0.24774389923788032,17748.0,120388.91643054654,1591,43776406,40047787,1526022,1700906,7182743,7210860,6257587,8121212,6822245,8469927,6116067,4140951,2668718,986093,3301221,2275498,9901803,7142340
126,000557,2017-09-19,-0.015544041450777146,-0.006908462867012077,0.17921398984409767,10332.0,63796.823965614254,1044,20105006,9402776,1061706,934672,4917993,3197089,3798831,2182694,3986721,2162049,2773153,582400,1075220,343872,0,0,2491382,0
127,000558,2017-09-19,0.0,0.00723589001447178,0.153876453424158,21120.0,134283.8971974708,2019,60051206,62128850,1260457,1779530,9296256,9541470,10304612,11168372,11993496,13151139,6352848,6366271,8813837,5155883,2624664,5278760,9405036,9687425
128,000559,2017-09-19,-0.014406779661016889,-0.008474576271186529,0.22291761494336101,40810.0,224700.98075879877,2805,171567795,125032693,1268799,866282,14501023,13051741,16918535,14877197,31476850,25376446,23600043,15062137,14334247,12585735,12741989,5275396,56726309,37937759
129,000560,2017-09-19,-0.017391304347825987,-0.00521739130434784,0.23415696813890163,33118.0,120210.50473305494,2415,91562633,86519227,1043074,1129155,12134071,10690582,15327838,14437766,21528406,19888240,13118392,12110254,8280542,12794967,4462248,6769248,15668062,8699015
130,000561,2017-09-19,-0.014705882352941013,-0.008823529411764675,0.32675455853781366,10130.0,94760.31104181563,974,17036157,13620657,898108,876707,3854352,4169240,3408290,1729553,2472030,1680245,2226665,219308,1368651,375728,0,866110,2808061,3703766
131,000563,2017-09-19,0.0125899280575541,0.01618705035971235,0.1176265444788698,27096.0,380152.28505660745,2240,106122419,168769246,1321620,1263201,9563265,10208398,9917526,10112628,14363996,14411103,9315444,11441348,4823855,10197414,5279127,8926309,51537586,102208845
132,000564,2017-09-19,-0.006079027355623157,-0.001519756838905706,0.28193186219653266,8515.0,41295.87294272906,544,8235918,4296695,650270,573025,2672579,1438835,2134937,1142571,1044917,850789,1067735,291475,665480,0,0,0,0,0
133,000565,2017-09-19,-0.005154639175257603,-0.003092783505154628,0.3503106150932595,9690.0,64012.83468187918,766,14200139,9873066,900285,1086017,3414735,2470190,2645415,1971881,2721250,1526431,1408895,1644963,1084150,690997,939470,482587,1085939,0
134,000566,2017-09-19,-0.005422153369481042,-0.0038729666924864903,0.5144621890585577,18004.0,428046.4777961937,629,20135536,27115568,420610,386606,3146821,2348823,3274826,2553085,3876742,2548993,1435967,1434060,1741975,707300,1717374,1363880,4521221,15772821
135,000567,2017-09-19,0.0798452339078437,0.09426661976785078,0.5850032640485634,42840.0,509408.0071413606,2367,180999310,161007360,1123938,1225104,10278460,10760211,14055664,15339074,23217856,23923937,14862958,13884816,10230349,9939765,5674677,7532680,101555408,78401773
136,000568,2017-09-19,-0.019712306872669116,-0.01687089326940161,1.0606341633804521,66456.0,346299.1981378923,2820,241301236,178019337,638660,505438,12811200,9722857,24901291,17663307,41367201,21705829,29054640,18421660,19139724,15552723,12094871,4379296,101293649,90068227
137,000570,2017-09-19,-0.0055632823365785455,-0.0013908205841447474,0.1587645359464566,1442.0,171812.7323871809,2052,14532084,14608649,358993,2495050,1592975,3136810,1127851,1969135,506853,2094261,490479,1965226,727332,1432705,0,456885,9727601,1058577
138,000571,2017-09-19,-0.008010680907877266,0.0,0.18985352347842396,4506.0,46492.49244527174,1557,16294569,17429022,668412,2984603,3906474,5183431,3624011,3891333,4719731,2364153,1909834,1526746,714367,1030556,0,448200,751740,0
139,000572,2017-09-19,0.0,-0.0018761726078798668,0.12412395365275887,18585.0,202985.51880615958,1848,70874795,64471446,1561082,1012925,7772177,6740120,7636727,7975073,13031165,11714271,6792042,7422983,7853428,3418679,4972453,2755724,21255721,23431671
140,000573,2017-09-19,0.022012578616352085,0.025157232704402288,0.14134126320282037,21024.0,155549.26789064732,2029,55834708,67631014,1365083,1709419,9057773,9462236,9831469,10225744,12194659,13347067,7917264,10100699,5255192,5685557,2731054,2391516,7482214,14708776
141,000576,2017-09-19,-0.007198560287942524,-0.005398920215957004,0.7570293620617129,13247.0,52160.40496761911,484,9480413,5029474,533401,356222,3017348,1576361,2111401,630171,1903803,1923727,1067610,542993,0,0,846850,0,0,0
142,000581,2017-09-19,-0.017828200972447417,-0.007698541329011377,0.5437641882181449,17143.0,150349.03420404464,2060,64829651,44441481,1777030,1948451,9412632,10558971,8754590,6910518,10465212,9755753,8471175,7223101,4508123,2795936,2657887,4138013,18783002,1110738
143,000582,2017-09-19,0.004914004914004844,-0.0016380016380017626,0.3987262442294262,15834.0,57152.36337054961,937,22293567,10816008,801425,680254,5685653,3514113,5512601,2950727,5917115,1773044,1784177,758440,927506,1139430,0,0,1665090,0
144,000584,2017-09-19,0.0,-0.004871259568545505,0.5857946100395343,18668.0,107801.70400161084,601,18253195,14562848,328337,381819,3215966,3494649,2369155,1667504,2748326,4276910,3291096,1620493,710102,359181,865352,0,4724861,2762292
145,000586,2017-09-19,-0.008440913604766731,0.0,0.8687185882357397,19900.0,74530.82171688431,537,14273245,10142850,151904,595910,1480367,3260757,3026179,1977498,4505510,2016479,2248913,693520,1296290,763200,442442,835486,1121640,0
146,000587,2017-09-19,0.002587322121604174,-0.002587322121604174,0.3026136861549546,8503.0,92748.1073738573,652,13322842,8656014,601662,784609,2325594,2259732,2977002,1340206,3333952,609390,1490188,212300,0,774038,835764,0,1758680,2675739
147,000589,2017-09-19,-0.008802816901408383,-0.005281690140845008,0.2574599567075683,11320.0,93948.49799561485,486,11215009,7066473,445151,369391,1741382,1855261,1693258,1240411,1938926,1320186,2075292,1019292,314140,0,0,0,3006860,1261932
148,000590,2017-09-19,-0.011159330440173587,-0.009299442033477878,0.9316054970526304,14471.0,84135.16021199732,299,6517881,4982989,134761,320210,1022457,1530141,818569,892889,1098556,919815,952217,233280,1005244,319395,882500,0,603577,767259
149,000591,2017-09-19,0.0,0.006441223832528209,0.14103287064375655,13640.0,130238.1593286912,1943,47103217,59331844,1274090,2293356,6872357,7362581,7377864,8860671,8334104,10644411,4002481,5402345,6465832,5863572,3041996,1247300,9734493,17657608
150,000593,2017-09-19,-0.008078994614003632,-0.008078994614003632,0.5139618959894288,11020.0,60678.16438171907,469,8501237,4893587,562468,234502,2107459,1347137,1466933,904723,1753695,998749,451521,717984,1090424,690492,0,0,1068737,0
151,000595,2017-09-19,-0.03284671532846728,-0.02919708029197088,0.1326439390055414,11266.5,96653.78524014265,1710,43645451,27423663,1087100,1735146,6537859,7018109,7145658,5250940,7949911,6079857,3314260,4446601,3469689,1309813,1785120,422669,12355854,1160528
152,000596,2017-09-19,-0.00035087719298254605,-0.012631578947368438,1.071158295283437,44952.0,525775.289821899,2837,177219989,194458601,457531,719581,15353953,13143333,14791651,19548777,23984128,26467646,15592062,18475548,10305961,15476917,9931226,6756976,86803477,93869823
153,000597,2017-09-19,-0.02076124567474047,-0.018166089965398036,0.32741508331303304,29536.0,110153.195830132,1247,48982726,20556708,573065,647232,9443728,4262251,13038768,3098195,6309799,4488937,4931668,1932745,2932541,1741036,2320459,476520,9432698,3909792
154,000598,2017-09-19,-0.0085910652920963,-0.0068728522336769515,0.13120921686185935,6363.5,125979.61354413845,1970,51572725,21175229,2266463,802683,7861799,4627083,7302595,3936609,7521925,3190261,6668088,2394501,2305599,1355602,2678321,830824,14967935,4037666
155,000599,2017-09-19,-0.006079027355623157,-0.003039513677811634,0.21917522208864718,7205.0,52929.5283714347,901,12764387,9429722,951476,786856,3387339,3701709,2653414,1632668,2603690,1466742,1471328,519552,641728,633135,459108,0,596304,689060
156,000600,2017-09-19,-0.006086956521739184,0.0,0.2395800960890063,17280.0,155828.6267008513,2305,72252649,72360475,1302274,1779590,10125380,11389303,8264820,10506907,11296936,14327678,9744129,7994420,5178264,3798235,1819976,3021356,24520870,19542986
157,000601,2017-09-19,-0.00520833333333337,-0.0013020833333332593,0.24981145735999596,4488.0,45797.921564880526,945,12011935,5564933,1721147,364341,2535470,2348879,2883294,1109855,1585685,1282258,983080,0,1614759,0,0,459600,688500,0
158,000603,2017-09-19,-0.029790115098171976,-0.00677048070413,0.5055464972324584,14670.0,71370.77468944775,853,18213204,14348718,507603,680014,4202312,3809638,3507577,2893060,4387831,2939037,1670840,1595320,770650,1380185,1719913,440400,1446478,611064
159,000605,2017-09-19,-0.008419441255262061,-0.003061615001913487,0.7501259353090108,20672.0,92307.76379042698,1213,27715832,29584609,674697,768048,6829759,5407532,5410077,4084384,5371363,4964682,4670506,3845003,3156663,3763657,400985,2170247,1201782,4581056
160,000607,2017-09-19,-0.006265664160401085,-0.0025062656641604564,0.21691710656277652,8783.5,103101.90449666571,1354,31121113,16340631,1362337,1106353,5734035,4452257,5665011,3636941,5681139,4295933,2091613,1854149,1909086,360588,437553,0,8240339,634410
161,000608,2017-09-19,0.015151515151515138,0.018939393939394034,0.19729140155102085,18653.0,298914.6800308195,1648,46749589,69589041,1221691,1225405,6708948,7095467,6181576,9241944,8423530,11722439,4227747,6328101,3463225,4552765,4601353,2204300,11921519,27218620
162,000609,2017-09-19,0.021470396877033116,0.0201691607026675,0.3751335407810181,24944.0,115999.58879467972,1679,43689471,55182527,1165084,1073996,8613928,9072135,6812617,10623421,10548758,12207973,4664475,7065772,2802391,4482351,1804596,2276864,7277622,8380015
163,000610,2017-09-19,0.0,0.005335365853658569,0.4042517157636179,13190.0,76418.72544495917,1053,24457366,16588775,1095669,675111,5303277,3603066,4299917,3761044,5077244,3870048,3324746,1774777,970776,1544129,1336913,0,3048824,1360600
164,000611,2017-09-19,-0.01318681318681314,-0.003296703296703174,0.3005389362960503,9933.0,84255.60571095574,917,19823977,10778929,1039254,1002275,3812886,3850136,3143379,2544345,3258806,1082576,1302692,1009890,1895640,747907,1723815,0,3647505,541800
165,000612,2017-09-19,0.02332089552238803,0.025186567164179108,0.2506813609442941,21600.0,168410.20890499707,1831,73689590,66443596,1315233,1099982,7593067,7035950,9944589,6618669,12763654,8914355,10511195,8484498,9210285,9723136,3924949,5696094,18426618,18870912
166,000613,2017-09-19,0.017034068136272618,0.012024048096192397,0.27499588408576237,14182.0,76106.91079637536,1317,23566048,27109680,1058359,1075886,5780446,6246563,4407455,5890029,4744386,5529806,1927438,2556233,1395124,1353057,1342470,1731137,2910370,2726969
167,000616,2017-09-19,0.008714596949891185,0.008714596949891185,0.12085985127650495,13890.0,163102.11090974664,1445,43608025,43819903,1460766,1156993,6017139,6577458,4464301,5212200,5950880,5403342,3932719,5378928,3393521,2367841,1759410,2613005,16629289,15110136
168,000617,2017-09-19,-0.01663798049340215,-0.010900745840504933,0.6511747995593514,8677.5,62690.82457286163,716,12806373,6440295,611223,592211,2474187,2329995,1863475,1346653,3311503,759803,1429583,299250,1399438,676172,454662,436211,1262302,0
169,000619,2017-09-19,-0.004094165813715356,-0.0010235414534288667,0.41588625480870506,10714.0,52733.44889066363,551,7847696,8524185,526129,831042,2612728,2227612,1344561,1978383,1902609,1767501,267698,1003087,706971,306778,487000,409782,0,0
170,000620,2017-09-19,0.010484927916120546,0.00917431192660545,0.22050350104915156,6176.0,66093.48261552442,1198,10261981,17844407,1125372,1051329,2805512,4210515,2986142,3132150,2074731,3990704,895416,928799,374808,983157,0,1324858,0,2222895
171,000622,2017-09-19,0.0,-0.0016313213703099683,0.2819170430993628,5517.0,39412.544098614715,472,4974902,4384244,481495,643960,1301630,1191826,610308,973156,1818617,1088405,762852,486897,0,0,0,0,0,0
172,000623,2017-09-19,-0.01091703056768556,-0.008733624454148492,0.5671114362126876,22810.0,187616.2002658191,1630,64238161,41617520,946570,1140703,8955779,6551121,12970450,4828268,15013492,7074089,9818838,6300461,3328740,2776998,1297412,1253164,11906880,11692716
173,000625,2017-09-19,-0.016925246826516194,-0.013399153737658653,0.2845992412743089,33816.0,390354.079701097,2483,177109861,111503000,1415654,1386233,12501097,10119652,15300741,12651898,26536643,17706357,16077206,12604086,13903484,9692143,12412115,7417651,78962921,39924980
174,000626,2017-09-19,0.0004701457451810054,0.009873060648801113,0.6044153036888484,27403.0,282262.0652298947,1238,43498640,73884035,522182,580209,6060743,6008190,6031096,5540154,7765866,9538036,5476120,6556635,2736651,1993332,8280395,2617899,6625587,41049580
175,000627,2017-09-19,0.004255319148936065,0.008510638297872353,0.186455764714649,23837.0,216440.1557894536,2544,88936152,127625984,1413236,2192682,10883550,11686458,12822298,11707531,19361294,16844258,12871182,16286423,5520095,7532683,3488928,6955905,22575569,54420044
176,000628,2017-09-19,0.014111006585136199,0.014111006585136199,0.2811623419071695,18453.5,105711.93030024783,1430,33923400,32990316,871895,1017309,6572137,7032973,7352535,5620734,8632533,7863795,3298276,3901562,1693896,2127732,1408009,411000,4094119,5015211
177,000630,2017-09-19,-0.006493506493506551,-0.006493506493506551,0.06028788226919913,10404.0,386462.3499431214,2641,80469336,74259033,2589330,2177484,11558167,9967171,7000308,8117566,10353477,8620583,3783322,4031128,5836248,4428514,4604361,1315639,34744123,35600948
178,000631,2017-09-19,0.021951219512195363,0.029268292682926855,0.09918203386599875,12735.0,175200.8593939965,1716,43229770,59261457,1332171,1499797,6964798,6416779,4419054,7489285,6945088,9674320,3931028,8088351,3022708,3665343,2225735,3663758,14389188,18763824
179,000632,2017-09-19,0.010954616588419341,0.023474178403755985,0.18754366420819674,13681.5,162924.42039441416,1162,25152264,36258505,1267708,751172,5568240,4255973,4125605,4710565,4210956,5842591,3238936,4162502,2709544,2961989,477015,1739252,3554260,11834461
180,000635,2017-09-19,-0.039816232771822446,-0.02348136804492096,0.5453349816700179,19280.0,64323.93402563832,1290,34167463,14480090,1129385,1204530,8041835,6142421,9098631,2951943,8070551,2649548,2590989,485718,2401696,1045930,429000,0,2405376,0
181,000636,2017-09-19,-0.017453798767967155,-0.010266940451745366,0.2198185739413771,19340.0,103367.96459846872,1964,62534730,36319085,1799531,1964482,11338493,8215864,10530977,7889381,12135532,7744080,6045554,3580636,4812337,1056866,4851322,3044021,11020984,2823755
182,000637,2017-09-19,-0.005594405594405605,-0.002797202797202858,0.27129916912546653,3565.0,66605.14565808557,694,9930265,6413354,510629,486915,1970034,1860518,2282976,1222091,1533010,1297112,951557,511441,1122163,0,493396,0,1066500,1035277
183,000639,2017-09-19,-0.010767160161507361,-0.0022431583669807464,0.9629820129350494,11200.0,47322.36535507322,535,8828893,5627534,485448,416861,2982445,2068777,2003221,903707,1794830,1293811,716192,284226,0,660152,846757,0,0,0
184,000650,2017-09-19,-0.00670016750418756,-0.00670016750418756,0.1353105944972753,596.0,73475.341248805,1948,20381735,8567674,1926784,449171,3371517,2002202,1871147,1280138,2851578,2075922,2446464,0,987089,0,2340947,897933,4586209,1862308
185,000651,2017-09-19,-0.01868421052631586,-0.01342105263157889,0.6337031744436594,259819.0,796096.4350263203,3596,910512244,778426168,52751,79132,2984198,4331006,14939302,16039689,51832272,52708480,55102636,56652911,67460966,63711886,48826172,46515185,669313947,538387879
186,000652,2017-09-19,0.01526717557251911,0.01717557251908386,0.1359832933042107,11046.0,118137.14639783854,1487,21860924,37521878,904930,1268463,5873239,6139939,5282427,5668351,4130514,5321085,2880425,5064570,1322573,2936165,0,823004,1466816,10300301
187,000655,2017-09-19,-0.010905125408942173,-0.0065430752453653485,0.2540508450193692,13605.0,106773.62858868661,1303,33422303,21801503,1077146,1666739,6887141,5256458,4981180,3511211,5415381,3307095,2774755,2326113,2407994,947771,1332221,1319122,8546485,3466994
188,000656,2017-09-19,0.09941520467836251,0.0721247563352827,0.08770642848096416,69160.0,520706.19337798253,3441,301885242,457969336,868465,992942,12484544,14305348,22261168,20307689,35106090,43992594,27789786,30351967,24449428,30177969,20214633,22313117,158711128,295527710
189,000657,2017-09-19,-0.008849557522123908,-0.0025284450063212116,0.3069739463823633,39000.0,305479.22311193316,2661,171950539,145934811,1314449,1328689,10857390,11985491,14673895,17046151,19435403,24614332,14275613,17642714,11614436,11790530,11661324,11219186,88118029,50307718
190,000659,2017-09-19,-0.004962779156327701,-0.004962779156327701,0.15570206840498765,10100.0,90142.37887870656,670,13144654,11359678,407659,711942,2380417,3070534,1438466,2990189,1995634,1368376,2270545,1293505,0,0,804999,1312169,3846934,612963
191,000661,2017-09-19,0.007042253521126751,0.006901408450704194,3.524195431844083,28600.0,335024.96860946575,1630,77265531,78762089,0,2854,12530878,7363265,9386817,8414732,12346453,8118482,7963793,3093971,6228457,3569230,5678548,3087537,23130585,45112018
192,000663,2017-09-19,0.006198347107438051,0.01446280991735538,0.5180702819808202,14630.0,77381.90843482625,785,15597729,12218577,956673,416042,4581398,2671312,2130976,2415347,3830470,3384305,703222,2419121,319450,396900,0,0,3075540,515550
193,000665,2017-09-19,-0.006504065040650375,-0.005691056910569148,0.45564234745127336,6140.0,196362.0577017458,728,13228600,8991039,528032,700538,1986076,2982023,1049709,1249228,765238,2264705,1097529,1000304,726830,383985,0,410256,7075186,0
194,000666,2017-09-19,0.0033653846153847145,0.004807692307692291,0.5663856442843558,16664.0,86225.64749774354,1348,27118205,26996145,743682,1117402,6029798,8336387,4399477,4091299,4305697,4804123,3530809,3836175,1692507,2084181,0,1251516,6416235,1475062
195,000667,2017-09-19,0.025862068965517127,0.028735632183908066,0.0685761030556947,20416.0,240243.99071718956,2597,87766653,139497125,1533644,1771281,9457462,12227062,10078530,11513243,16207567,19945127,8711036,14627704,6642398,14341035,3643080,6226303,31492936,58845370
196,000668,2017-09-19,0.0028868360277136684,0.008083140877598094,1.0138935194232788,10452.0,64187.760830404935,291,2572635,6943197,160436,338710,817610,1263716,725498,1593318,869091,1266726,0,782945,0,657050,0,498232,0,542500
197,000669,2017-09-19,-0.001831501831501714,0.0006105006105006083,0.5026861984255235,14696.0,164526.85977440162,1061,26957292,20077834,891105,1126662,5338999,4095032,4127600,3226448,4828668,2754268,993020,2639993,2036886,2728141,926406,2691791,7814608,815499
198,000670,2017-09-19,-0.01733333333333331,-0.002666666666666595,0.1293874967026436,63420.0,215435.81709080018,3373,225535672,193016493,1318139,1009160,14338237,12250331,25940978,22833770,45117186,37637900,32313152,28243510,23264986,22837680,20565865,19265762,62677129,48938380
199,000671,2017-09-19,0.045454545454545414,0.02146464646464641,0.14246463761033232,93567.5,1487412.132896684,3114,504000490,562414388,699814,1528161,7427437,9868801,10865411,15155905,32253011,28057251,28764996,27696899,23858550,30110417,30544179,30527611,369587092,419469343
200,000672,2017-09-19,-0.015094339622641506,-0.007547169811320753,0.2326392048366357,21020.0,96352.35570474446,2077,60960223,42340120,1381050,1358470,11770709,9997653,10588132,8304713,12999463,8748890,5758054,3037786,6201863,4251648,5391720,1863090,6869232,4777870
201,000673,2017-09-19,0.004152823920265947,-0.007475083056478371,0.3544206519875041,21411.0,149912.6344701264,1154,43450732,26458446,688049,727703,5714649,5352176,9433055,3843856,6149231,3303093,3317478,1740398,2510943,2107379,1278651,1238807,14358676,8145034
202,000676,2017-09-19,-0.010555946516537684,-0.0028149190710767824,0.45168293085605365,5680.0,50598.970996885655,989,11430822,9033079,1033913,985344,4154612,2506189,1953962,2141437,1586674,1595197,1185344,0,674025,0,842292,429957,0,1374955
203,000677,2017-09-19,0.004149377593360981,0.006224066390041472,0.215850173309602,9660.0,110891.94875748991,498,8914443,12332410,368068,741977,1285640,2255726,1234261,632235,968924,2100577,999229,2677934,0,1446461,468990,1847000,3589331,630500
204,000678,2017-09-19,-0.0011764705882352233,0.00588235294117645,0.37644777541809393,10200.0,32763.09139093882,509,7370958,3869614,616800,541885,3239379,1353531,1781407,1014721,1242734,959477,490638,0,0,0,0,0,0,0
205,000679,2017-09-19,0.0,0.0031982942430703876,0.42554495467501086,10406.0,95045.13229327853,485,11457288,7308773,432086,536426,2383241,2067045,2011835,1189367,893921,828344,1481374,754659,633271,0,913279,472000,2708281,1460932
206,000680,2017-09-19,-0.013157894736842146,-0.004934210526315819,0.16249345019152317,12140.0,99800.10024901565,1401,39048624,20262593,1628516,1087759,7615961,4264673,6097170,4012406,6988355,4836647,3059555,1609231,2254838,1029585,909062,447006,10495167,2975286
207,000681,2017-09-19,-0.009214092140921282,0.004878048780487809,0.5136351009493224,5557.5,60234.63295927849,1292,12588460,15064489,981835,2240702,2961518,3813004,2570214,2653936,3454359,1636595,786784,502429,1409170,717685,424580,465381,0,3034757
208,000682,2017-09-19,-0.0055248618784529135,-0.0055248618784529135,0.18397923696046103,7546.0,58744.977105019585,871,12712467,10376677,736985,804266,3655686,2784606,2783592,2143888,1620234,1358932,750135,1617935,1712065,614540,868408,0,585362,1052510
209,000683,2017-09-19,-0.028735632183908066,-0.025862068965517238,0.06103739688719121,65950.5,195424.22059004765,3286,231431975,141699115,799391,976679,15190987,9473822,37709428,16868205,70551045,32136831,39953785,20183977,17307483,13503658,7528007,8540672,42391849,40015271
210,000685,2017-09-19,-0.009025270758122761,-0.004512635379061436,0.33248707295278074,11060.0,140096.34244867327,1110,34373875,20808112,1022097,616801,4817516,3391232,3250182,3000357,7637908,3471258,3885658,1897067,3412271,1332055,1760952,421767,8587291,6677575
211,000686,2017-09-19,-0.010289990645462987,-0.004677268475210328,0.26867246243008236,24449.0,263385.1614993643,1583,92427396,66491988,720048,1026170,8276493,8008010,6905158,6611349,9536428,7204393,6564885,5150972,6021476,1400046,2183920,6296255,52218988,30794793
212,000687,2017-09-19,-0.008895478131949686,-0.005930318754633013,0.4258178568695786,17420.0,95010.42058487862,1003,29717274,15118994,785026,641188,5549080,4765828,5148815,3481366,6429527,2789003,3790471,1410917,1774560,334500,1763763,401700,4476032,1294492
213,000690,2017-09-19,-0.022673031026253176,-0.010739856801909475,0.24928869111010396,13336.0,210653.75570525913,1130,44395852,21400066,1484316,737782,6718290,3317239,3875929,3447179,5028929,3340844,3414726,2394653,2006740,2892241,870648,2089363,20996274,3180765
214,000691,2017-09-19,-0.002512562814070307,0.002512562814070307,0.4612681534164137,13549.0,42140.043865407795,297,5268739,2980314,251624,258772,2212171,896419,888002,803810,1457862,700133,459080,0,0,321180,0,0,0,0
215,000692,2017-09-19,-0.0028050490883589907,0.0,0.31307344071125287,7170.0,56434.358011760036,518,7567804,7430399,396564,625535,1733347,1730694,1553782,1335592,2234861,1874589,0,1206416,364650,657573,1284600,0,0,0
216,000695,2017-09-19,-0.01739850869925441,-0.010770505385252704,0.4613303507474612,9604.0,44126.63841709775,684,7920899,8201687,698161,847522,2522910,2856688,1975666,2258624,2004162,1083266,0,1155587,0,0,0,0,720000,0
217,000697,2017-09-19,-0.0033457249070631967,0.004832713754646889,0.5527697123677019,40987.5,215454.86902243787,2370,124189853,127959988,957016,1166081,10963495,10666786,14507022,13899507,24337877,21501301,15246135,17598335,14464606,10272762,8908965,6573863,34804737,46281353
218,000698,2017-09-19,-0.011544011544011523,-0.004329004329004182,0.24478368701856543,8280.0,94252.06169232281,801,19672064,10712337,756668,599656,3465634,1983535,3226254,1254494,3094380,1583895,2223510,2026220,1930315,2089324,414600,0,4560703,1175213
219,000700,2017-09-19,-0.017711171662125325,-0.013623978201634857,0.23303043826652534,13005.0,142147.73114584197,992,39478270,14065229,917581,912060,4229538,3756312,3586530,2593927,4110747,3641394,3257590,1712828,3440241,304274,2286615,0,17649428,1144434
220,000701,2017-09-19,-0.01164596273291929,-0.0031055900621118626,0.4482001215759722,12810.0,61895.55583990561,825,15985824,10542876,641574,884457,3186137,3408592,3000522,2631622,4141008,1849833,2480876,1390084,657960,378288,428188,0,1449559,0
221,000702,2017-09-19,0.009988901220865598,0.011098779134295134,0.2374334213656627,16362.0,87149.7693416552,1440,30342957,26905823,1172317,1475412,6982011,7786517,5451372,5671746,3822040,6079018,2798710,1593823,2425684,1624902,2816547,1323184,4874276,1351221
222,000703,2017-09-19,-0.028143712574850266,-0.015568862275448958,0.3587757682474775,9870.0,183769.12894376728,2169,83761140,29178334,3229496,1116169,9925073,6402923,6735217,3382506,9406726,3259201,6088569,1467153,5204606,2894403,2686501,2181793,40484952,8474186
223,000705,2017-09-19,-0.014354066985645786,-0.007655502392344471,0.3822314206691013,5200.0,38969.61121251216,747,7010505,6548355,740436,727749,1904719,1604994,2401775,1703149,1237174,1264863,424532,415400,301869,311700,0,0,0,520500
224,000707,2017-09-19,-0.002732240437158584,-0.001366120218579292,0.23662743336390196,14540.0,138841.866718215,957,24452608,27289300,854025,841171,3071352,4545363,4036570,3665551,3328342,3754975,4103868,3363303,2158664,1431251,2281742,2724759,4618045,6962927
225,000708,2017-09-19,-0.011552346570397165,-0.010108303249097395,0.388080614248369,13880.0,129488.99318501876,1274,41697242,24827366,745002,1229268,6580357,4906095,5750026,5151364,6154984,3881617,5299219,2376038,3447258,3847214,2676856,1301362,11043540,2134408
226,000709,2017-09-19,-0.008639308855291628,-0.008639308855291628,0.08488089511329511,23000.0,332035.7076860215,2991,159055883,91143617,2007372,1882716,14549167,12440124,16344340,14251783,21983035,15942608,13356181,7541648,9224048,6370284,11560227,3029222,70031513,29685232
227,000710,2017-09-19,0.010126210742588793,-0.009832697387731182,1.333372478135054,61047.0,266318.4791899436,2617,169729347,165015776,861554,908070,10910216,10210908,16507185,14478809,32941505,29775587,23696412,22848776,15966632,17641823,12605406,11572008,56240437,57579795
228,000711,2017-09-19,0.02361673414304999,0.026315789473684292,0.36211364608016905,22035.0,134540.5227633308,1676,52854991,56456460,1146046,887766,9226166,6694775,9143666,5238884,9159721,12644334,7863450,7571141,4109704,4834254,2722943,2823770,9483295,15761536
229,000712,2017-09-19,-0.03149224806201556,-0.018410852713178216,0.4550418077114277,32176.0,219879.28481980317,2058,116678658,71210430,654496,782414,9265604,10478778,13252084,10002763,19219137,12606042,15585967,14005822,6497745,4101587,10100754,4362739,42102871,14870285
230,000713,2017-09-19,-0.024000000000000132,-0.013714285714285679,0.2838426236734899,10320.0,63987.451255773754,950,21755860,8216674,1042234,842232,4656953,2862075,4091190,2719761,4777556,959756,1999938,485034,2658415,347816,436171,0,2093403,0
231,000715,2017-09-19,0.009777777777777663,0.002666666666666595,0.3553511877503593,3399.0,42669.531909932564,1002,8585342,8494549,509743,1120008,2219830,3254892,1754819,2017722,1495498,1639517,1038660,462410,320625,0,0,0,1246167,0
232,000716,2017-09-19,-0.0014880952380952328,0.0,0.20169756316839613,10792.0,120102.5593220036,1110,27166519,12931286,1194483,710068,5786741,3273351,4335649,3208881,3569972,2581968,1085806,1599111,637170,1037779,1289727,0,9266971,520128
233,000717,2017-09-19,-0.012121212121212088,-0.002424242424242329,0.1422140992049935,41973.0,422386.2789588309,3373,257890649,279391410,1776801,1602337,12765559,12389802,19744985,17613741,30025559,28789685,20378551,23734119,14298061,20871073,17065606,22034572,141835527,152356081
234,000718,2017-09-19,0.019130434782608674,0.02086956521739136,0.11991135371145319,31376.0,265668.6480809487,2306,121883137,132265336,1082462,1457819,9199671,9191061,17703156,12543430,16454165,15147328,11673736,15883944,7344657,8721522,6663209,8746498,51762081,60573734
235,000719,2017-09-19,-0.003656307129798808,-0.003656307129798808,0.35925133989071895,2180.0,58861.94096487907,927,11381889,7321879,505632,842891,3366817,1748204,1338029,983380,1776106,1631634,460298,1121440,1703238,0,865423,490500,1366346,503830
236,000721,2017-09-19,-0.014138817480719879,-0.010282776349614386,0.21773478020280676,11535.0,93404.65218342109,1277,28801216,15211666,1068558,1493947,6268019,4835456,4582468,3405403,6005179,2783775,1840958,699894,2491208,720394,0,1272797,6544826,0
237,000722,2017-09-19,-0.0024958402662229595,-0.004159733777038155,0.6018056952379545,11970.0,110408.12118196099,398,10046126,5092656,323499,360608,1895818,1564138,1076260,1286135,1413513,1172547,941056,0,0,709228,0,0,4395980,0
238,000723,2017-09-19,-0.03222222222222215,-0.036666666666666625,0.1980872904997584,10643.0,224434.2003476768,2067,79919414,66732717,521111,4284372,4100015,9741177,5436733,9205058,9866697,9349884,7208561,7049138,5353014,6303134,7608307,4982653,39824976,15817301
239,000725,2017-09-19,0.0024999999999999467,0.0,0.06754693735014142,55860.0,1143323.56264049,3537,639596863,534895637,1848036,684703,18257319,8411446,27988800,13427059,41345844,21407781,37274421,21138098,21444227,10200697,22470909,18887692,468967307,440738161
240,000726,2017-09-19,-0.007334963325183352,-0.007334963325183352,0.2747318193131095,2448.0,38805.653366402636,1997,19397118,9024455,2970313,763896,5986388,3457181,2601867,2801319,3398474,1524737,1135993,477322,611923,0,918621,0,1773539,0
241,000727,2017-09-19,0.010638297872340496,0.0035460992907803135,0.067401141792351,3113.0,89458.53137810966,1763,18679206,26353633,1002068,1592654,2987095,7106645,2730382,3749510,3150786,5667867,1980486,1683567,310200,350808,954329,897959,5563860,5304623
242,000728,2017-09-19,-0.023648648648648796,-0.01418918918918921,0.2786104220876192,55290.0,379874.3581176885,2823,264198899,151936793,758157,1102629,12083997,12395381,17653120,17333325,34498750,26236067,26102898,24011536,26345167,15679410,16817361,8853942,129939449,46324503
243,000729,2017-09-19,-0.004587155963302836,-0.001529051987767538,0.1456528405812833,1304.0,63939.47925782156,2019,15346622,16532095,1040750,1967091,3377615,3850322,2459676,2320520,2596184,1867993,678434,1748385,390000,1827610,1815852,1299435,2988111,1650739
244,000731,2017-09-19,0.002290950744558984,0.008018327605956443,0.24103273676072073,17620.0,98097.447445852,1312,33081227,33412332,1164687,1289494,6898481,6637293,4483282,5096824,6557441,7207345,4353224,3183544,2768296,1798585,3559540,3157092,3296276,5042155
245,000732,2017-09-19,0.06458675424192672,0.061850027367268634,0.40604871530022946,32844.0,289082.67028055375,2029,97005718,152685516,1478095,1208584,8771402,7271270,10054477,9811502,12177578,16220089,8492671,15125903,5181480,12799560,5397690,9159677,45452325,81088931
246,000733,2017-09-19,-0.015213575190169748,-0.011702750146284302,0.4638734083408768,27072.0,111259.87892103202,1357,50753095,28027862,534925,808412,7721854,7020176,9349870,7154492,10706871,6285012,6541846,2446105,6715462,1402995,3218445,0,5963822,2910670
247,000735,2017-09-19,0.030303030303030498,0.031680440771350016,0.14756996025739383,24684.0,272373.8403345854,2425,109131437,140144634,2067591,1207191,12544980,7644120,14580317,10331997,16714625,15158575,12292763,13307484,7992784,15332760,6107485,9030310,36830892,68132197
248,000736,2017-09-19,0.10196078431372557,0.10196078431372557,0.5413646428625462,35200.0,592659.9827086985,1089,135654533,93638753,1679837,0,6735824,226171,6140621,544145,10577769,2153602,7212182,4785339,8940286,6481669,8423305,8035154,85944709,71412673
249,000737,2017-09-19,0.031609195402298784,0.02011494252873569,0.13707177792070507,26524.0,142552.46193343002,2586,92271481,83689565,1678878,1373533,12532302,11336986,15162467,13026114,20407036,18219791,12151556,11686620,10668208,6041460,2732323,3552939,16938711,18452122
250,000738,2017-09-19,0.003531786074671972,0.008577194752774853,0.5143405073899728,19910.0,223012.021727172,1486,50748857,39941863,1260228,1516080,7672267,6441668,6320346,5438877,8632836,9797565,3069171,3729210,2467612,2559945,2655129,1837909,18671268,8620609
251,000739,2017-09-19,-0.013210039630118908,-0.003963011889035695,0.2780243515800393,17319.0,116813.52233945919,741,22661028,10088489,816921,286054,5180260,2838741,2671987,2270597,1667352,1176356,1789144,1251901,1760285,304000,2821678,827578,5953401,1133262
252,000750,2017-09-19,-0.011494252873563315,-0.0016420361247947435,0.14626751340800823,18817.0,109834.57075596378,1736,33892710,55089427,725069,1803968,5980297,6403903,5478945,13357747,7637943,23913699,2451571,2547503,1719017,1284920,926333,1924802,8973535,3852885
253,000751,2017-09-19,-0.023219814241486114,-0.006191950464396245,0.1309321002887504,29025.0,228619.69980115182,2439,116518747,112047983,1264344,1523108,11202452,10360645,12370708,12582663,23563103,19001850,13272267,11430032,10819854,12676988,9389065,8568547,34636954,35904150
254,000752,2017-09-19,0.013764624913971124,0.0220233998623538,0.34852378580336446,25398.0,142940.74548736936,1740,65451336,59225155,959686,879267,8472715,8220051,9022037,8087738,10585689,11801248,6347700,8875417,4494580,4441756,3874973,5283414,21693956,11636264
255,000753,2017-09-19,-0.004201680672268782,0.004201680672269115,0.156778228265354,14400.0,82035.71018432407,922,18575755,21246027,888825,873278,3920965,4568130,3505349,3661325,3865483,4785459,3131512,1989378,651036,1012244,909160,2708774,1703425,1647439
256,000756,2017-09-19,0.0006377551020408934,-0.0012755102040815647,0.46188676229533665,1574.0,81446.34048049136,1153,8647540,14201849,405263,1482833,2399613,3854059,1131955,1665852,1698270,1002410,2029280,201797,309487,733802,0,472800,673672,4788296
257,000757,2017-09-19,-0.0014025245441794398,0.0014025245441795509,0.3211741129463717,7843.0,64316.904141973726,492,8169262,6642187,465422,459138,1557057,1683421,2326786,1571871,1560734,1470756,0,1104066,0,352935,467890,0,1791373,0
258,000758,2017-09-19,-0.021410579345088276,-0.013853904282115859,0.16416145900955875,20280.0,281917.251172061,2342,84694961,77800624,1495664,2078983,8825917,14060428,11016404,12852631,10976106,11748798,7331123,9003605,8422501,3027647,3649803,3841457,32977443,21187075
259,000759,2017-09-19,0.02841530054644803,0.02841530054644803,0.23909878805870383,17518.0,127808.40838739739,1465,34552513,49793713,1228801,1443060,6284167,6823784,6020382,6420101,6440691,7729751,2952532,5097790,3435551,3326955,1364586,3717295,6825803,15234977
260,000760,2017-09-19,-0.02487562189054726,-0.007960199004975133,0.31063474656143986,12987.0,161168.22390687984,1047,36425151,20472729,1016186,827098,4378968,4284177,4643459,3632303,6887879,2997753,4071987,1596517,2039507,2090701,2412764,0,10974401,5044180
261,000761,2017-09-19,-0.012678288431061668,-0.0015847860538826808,0.14114306942439955,14386.5,159927.811889085,2002,60413915,58739203,1158470,2451553,8046012,7870739,7625968,8105457,10438163,10304007,5454370,6287502,5989421,5230016,3464924,1831947,18236587,16657982
262,000762,2017-09-19,0.01406593406593415,0.03296703296703307,0.3861627402154248,206480.0,932887.0144020006,3479,767211054,782882312,330959,359292,6950325,5443859,16428103,16373689,43015908,38205615,45200314,46859814,40644648,41407747,39195395,46398514,575445402,587833782
263,000767,2017-09-19,0.0,0.0027932960893854997,0.14801749180434612,7160.0,81159.5819498282,585,10318878,9753222,580833,439513,2263461,1529765,1537885,916224,1801433,1051074,1690402,1930478,1066922,2123925,1377942,903515,0,858728
264,000768,2017-09-19,-0.004825737265415575,-0.002144772117962379,0.4620021391762885,20493.0,190783.1702942317,1629,61932106,43317048,1311914,1308679,8342655,7272109,10640641,6630008,11167662,7427652,4343744,6469540,6008782,1836186,2577737,849718,17538971,11523156
265,000776,2017-09-19,-0.018614270941054833,-0.009824198552223384,0.3740206639626048,47812.5,361724.60512090917,2674,253488449,179546509,1134982,1137337,12576178,11280345,16511299,14777972,26373393,21784946,17165348,18055376,23503929,10937135,17928452,14332146,138294868,87241252
266,000777,2017-09-19,-0.005019520356943641,-0.006134969325153339,0.5889750870601106,14263.0,70708.83382821157,926,20412293,11189373,982130,758421,4790345,3600787,3647649,3582273,4138090,2011837,2334051,701155,2103454,0,0,0,2416574,534900
267,000778,2017-09-19,-0.006144393241167445,-0.003072196620583667,0.12479170340120034,13000.0,192689.10632295348,2728,97925422,41586751,2229571,1778354,13433602,9084539,13668665,6205718,16334132,5276059,7926322,2454315,6533803,2478758,2254551,3121006,35544776,11188002
268,000779,2017-09-19,-0.0020026702269693164,-0.0006675567423231055,0.6810382449310243,10451.0,41614.281219906174,483,6349300,4883127,402212,318530,2091871,1813414,1475131,1789370,1409950,568102,0,0,970136,393711,0,0,0,0
269,000780,2017-09-19,0.0,0.005703422053231932,0.24857848993568218,10887.0,84596.92262794505,447,9056641,8188809,360451,332190,1706769,1696244,1613772,1443116,1754637,1899058,497437,527500,1305774,989181,0,0,1817801,1301520
270,000782,2017-09-19,0.0,0.0050968399592252744,0.33079660031769864,14745.0,63730.449344831955,879,20177159,13658488,1137110,754598,5828628,3134502,3511650,2711918,5460540,2978011,1436459,2166930,656382,1074314,2146390,838215,0,0
271,000783,2017-09-19,-0.014866204162537255,-0.012884043607532147,0.21954417754596467,20000.0,196964.5039193113,2113,92129623,59727902,1356995,2386932,8386179,11890267,9358212,8836557,14707878,12560999,6875997,6965556,5958910,3890435,5508156,3632509,39977296,9564647
272,000785,2017-09-19,0.010685663401602818,0.012466607301869992,0.5208929790955875,13650.0,78887.54795422124,464,7651928,10284895,331249,314483,2126666,2410302,1491983,2827334,1973813,2016423,0,895954,308217,0,0,908399,1420000,912000
273,000786,2017-09-19,0.027131782945736482,0.028423772609819098,0.3012294202216048,34056.0,220879.47956729145,2642,112614273,159822144,1192535,1543658,11786699,14513017,12356004,17092718,21043475,21783225,12977571,16439478,10908747,15490226,9457063,7448507,32892179,65511315
274,000788,2017-09-19,-0.012548262548262468,-0.004826254826254761,0.4463110331383468,7238.0,92082.11735693354,538,10167871,3712562,354124,342960,2413678,1390444,1445772,1213990,1783567,558368,0,206800,366036,0,448920,0,3355774,0
275,000789,2017-09-19,-0.025730994152046827,-0.01637426900584804,0.22390855204636798,16760.0,174001.57117622058,1459,59880800,34784736,1257463,1308409,6583040,5618899,7195961,5321107,7580829,7203575,8817807,6058871,4207238,3044940,1852461,0,22386001,6228935
276,000790,2017-09-19,-0.025242718446602086,-0.01650485436893201,0.4385106422437843,10250.0,67236.91748866586,551,11902803,5779465,479831,400777,3027616,2103948,1948210,1283380,2052880,1193750,1034862,457950,1013780,339660,942452,0,1403172,0
277,000791,2017-09-19,-0.00363196125907983,-0.002421307506053183,0.218204655887498,8270.0,89030.21257693222,1433,27666720,15851120,1609141,920114,7222655,3784500,5083121,3022470,4732339,2766393,2165401,1639943,1023053,1919271,892562,1276989,4938448,521440
278,000792,2017-09-19,0.07594936708860756,0.058860759493670756,0.26524132933048444,354926.0,1214886.857845199,3561,1065879501,1399464071,204870,277721,3883537,3846497,10605938,10718967,35820751,35466951,42041393,50951401,44651152,58002824,44184665,53711854,884487195,1186487856
279,000793,2017-09-19,-0.014340344168260022,-0.006692160611854736,0.34399371521451083,10410.0,194961.57309886912,924,38713548,17148773,561420,745682,3353442,3552078,3330100,2276173,5048292,1926730,4051409,2694499,1712474,1427852,860900,919975,19795511,3605784
280,000795,2017-09-19,-0.009569377990430672,0.004784688995215447,0.15085275905127707,57630.5,243999.69093620474,3078,190984904,199669437,1324264,1275454,12389162,12307782,21259281,20345338,41013912,36714133,28099456,22864712,20593072,18748711,15124681,17354716,51181076,70058591
281,000796,2017-09-19,-0.008912655971479388,-0.01128936423054061,0.3463918122172235,26728.0,110400.76716219925,2362,77344557,66024454,1209228,1623722,12693745,12551414,14938398,11121629,16732816,16124615,12163303,6298397,5248315,4885247,3604875,1837582,10753877,11581848
282,000798,2017-09-19,-0.003045685279187804,0.004060913705583813,0.3569169505320537,10945.0,51489.87663914786,761,10918341,9953059,962160,801072,3575490,3262095,3047837,2953727,1829220,1210277,710644,750808,0,397980,0,0,792990,577100
283,000799,2017-09-19,-0.02888209310227663,-0.02752293577981646,0.536982621743421,57428.5,235378.54817306309,3006,230747638,174828751,996424,1294585,11590491,12760275,16919447,17384513,36247747,31403379,29544879,25475820,24648968,22446547,15281343,12117563,95518339,51946069
284,000800,2017-09-19,-0.006999125109361293,-0.005249343832021025,0.25950046805008364,22680.0,238827.34431096682,1941,86507357,61046800,1208957,1241257,8792211,8132764,10812541,7787714,15018399,8447177,10334173,8657788,8432393,4833960,4441527,4815795,27467156,17130345
285,000801,2017-09-19,-0.0060606060606061,0.0060606060606061,0.24705006708602179,15579.0,90649.10563454607,1115,28031186,18989282,1270885,928625,5703302,4172054,5395408,3636536,4459034,3984650,3174355,1809848,1400099,1469205,1354515,925495,5273588,2062869
286,000802,2017-09-19,-0.000602409638554291,0.004819277108433662,0.38082401458298626,18232.0,101805.19353636245,1900,44633012,50023860,1309680,1843056,8834476,9769192,8749507,8384177,10669004,11333043,5175275,6626138,2568413,1970152,1327015,2280659,5999642,7817443
287,000807,2017-09-19,0.02083333333333326,0.022916666666666696,0.2455164977363107,122060.0,758257.743360634,3445,489302858,554202389,618052,560661,9620059,10059732,18924925,19590136,41263469,46758839,38421098,43720587,37326959,30260264,27676602,33752663,315451694,369499507
288,000809,2017-09-19,0.012315270935960854,0.017241379310344973,0.14097060070361372,20700.0,201492.99690606273,830,22436992,39333686,482421,597652,2879602,4077246,3206100,4204820,4058726,7860523,3075980,4602320,2320962,2559297,488400,1880533,5924801,13551295
289,000810,2017-09-19,-0.007922535211267623,-0.0035211267605632646,0.3531966088002161,11330.0,45713.06066198514,1034,16104831,9808028,947780,911108,5892473,3780020,2629033,2395570,3121468,1404709,1190547,442650,2323530,307043,0,0,0,566928
290,000811,2017-09-19,-0.007992007992008054,-0.003996003996003861,0.33373927549294047,9960.0,118720.04570970024,899,23378863,13496029,755423,779845,2884563,3216833,2827812,1974008,6192208,2425827,931715,1232478,1486227,1205497,996000,2149477,7304915,512064
291,000812,2017-09-19,-0.02287581699346397,-0.014161220043572897,0.31643171220785987,12698.0,68442.40798533127,841,19577838,8049187,1081937,769408,4780399,2835073,3721857,2345376,3553654,1051889,2640992,222876,660454,361893,874055,462672,2264490,0
292,000813,2017-09-19,-0.018890200708382543,-0.008264462809917439,0.19426420689946441,1676.0,39933.58127093599,1903,12309290,11364671,1971208,595177,4246136,4272548,2383602,1288824,1234957,2456698,974910,759320,305760,0,0,884210,1192717,1107894
293,000815,2017-09-19,-0.019305019305019266,-0.013513513513513487,0.5157632806842187,15325.0,79930.29924299469,908,20166294,11859598,837949,750367,4570986,3969479,3720730,2414459,3477395,2007125,2612978,924799,1766836,313344,448944,942175,2730476,537850
294,000816,2017-09-19,-0.019125683060109422,-0.013661202185792476,0.15018845958983054,30960.0,216035.14567230418,2379,118830431,75329864,1139335,487801,26913369,4239346,18969133,7159569,19985319,10968368,12151844,10531924,8512010,6266184,4414062,5419576,26745359,30257096
295,000818,2017-09-19,0.010526315789473717,0.011403508771929749,0.3049922705714668,17340.0,103592.50983150667,1397,37330543,34727144,978031,1055156,7432341,5558008,6118865,5254326,6855718,7183112,4067758,5632431,6509245,2754926,2189990,1784138,3178595,5505047
296,000819,2017-09-19,-0.015000000000000013,-0.008333333333333304,0.5540722899707408,14263.0,67282.296896356,1055,22134623,11329352,629693,1444284,5430272,5114718,4601972,2363142,3899156,1520117,928932,200801,630109,686290,2602550,0,3411939,0
297,000822,2017-09-19,-0.01831806827643634,-0.01248959200666111,0.26133157811440366,23800.0,238771.98488048016,2113,90599227,90352690,1142716,1561135,9550577,8775832,10836109,10898906,14307205,15642667,9876256,9581619,6770150,9773451,5760863,3515207,32355351,30603873
298,000823,2017-09-19,-0.013004791238877433,-0.006844626967830281,0.33478802415302267,27008.0,124520.71072368442,1906,57766520,47821395,1271866,781616,18570219,7014654,7797075,7410354,7561011,7109116,7162803,4784139,3993390,4756420,2177699,3990898,9232457,11974198
299,000825,2017-09-19,-0.017208413001912226,-0.015296367112810683,0.09452309561654791,14378.0,268020.78617352014,3076,148025141,93918661,2425013,1853614,12944773,10400157,10384278,8927259,12162114,12518996,25682724,11541628,9377130,6259838,7002626,7163352,68046483,35253817
300,000826,2017-09-19,-0.0031223389156967984,-0.0005676979846720442,0.7506864001850879,35330.0,460716.2259649303,2203,145620541,127534310,1338436,643401,12260264,8184584,13110823,9806396,21851809,14757521,16062417,12096355,14750525,8335469,6803326,11131639,59442941,62578945
301,000828,2017-09-19,-0.008641005498821741,-0.00785545954438327,0.4465321366197416,16523.0,120122.19196663344,812,28661188,18564165,383701,571946,3626697,2983436,2807094,4531962,6802019,3890091,3744669,2120615,3287740,1419612,2294578,881319,5714690,2165184
302,000829,2017-09-19,0.0,-0.007441860465116301,0.3177760648428954,18096.5,109991.54847126004,1144,37855644,12773256,1016895,599840,7157190,3103671,8810002,2679674,10437784,2309575,4335426,452560,306229,1810636,1346048,0,4446070,1817300
303,000830,2017-09-19,-0.015274949083503131,-0.008146639511201648,0.18995916236546315,25688.0,218999.95742277475,2677,115098699,103304560,1384747,2420271,10731620,14858032,12057783,13318809,21448352,20473493,14365808,10941163,4553751,9444408,4586905,4585345,45969733,27263039
304,000831,2017-09-19,-0.020121951219512102,-0.010365853658536484,0.30513744080416183,52818.5,249709.68458347337,2892,202569350,173452727,1006212,1404841,9916758,13327250,15380374,17795132,35456822,30705305,23158453,22363925,18668257,19449265,17351600,14654515,81630874,53752494
305,000833,2017-09-19,0.0034802784222738303,-0.002320185614849146,0.24019107565830594,14577.5,110777.57388811398,1288,33197577,17111990,1315112,1291433,6147806,6422428,5506490,3425965,5716299,4621896,4777398,915262,1701105,0,1793860,435006,6239507,0
306,000835,2017-09-19,-0.013986013986014068,-0.013986013986014068,0.2831961923001083,15904.0,78450.50784016614,1249,33235611,16595599,1237652,1380859,6264682,5790528,6077052,3696541,7425715,1749501,3170264,1877874,3117446,1016174,2715152,463605,3227648,620517
307,000837,2017-09-19,-0.0025974025974027093,-0.0012987012987012436,0.21694042519816353,3840.0,46931.00654005487,1260,14699199,11069709,675597,1375639,3290077,3871435,3321975,2525103,3287902,1607298,1748596,727616,2375052,300697,0,0,0,661921
308,000839,2017-09-19,0.007646559048428259,0.021240441801189558,0.19825325282491968,243334.0,1097076.2573260139,3529,883736541,1117763903,242710,259800,6643573,5404843,14415844,15870919,44547990,46088712,44609380,53430941,51146625,45257234,46818506,53826839,675311913,897624615
309,000848,2017-09-19,-0.007352941176470673,-0.007352941176470673,0.2541353612177134,9480.0,96320.71920385308,1403,30737955,24622619,1434174,1284312,6304177,4028980,6092850,3787870,5303971,4960053,3210918,2747327,696406,989172,2250381,2256962,5445078,4567943
310,000850,2017-09-19,-0.003669724770642313,0.0,0.2541703950054372,7658.0,69387.77657570374,459,7562756,5798822,561925,216920,1623013,1625634,1415961,1635174,1014634,692173,788038,685802,358380,391503,0,0,1800805,551616
311,000851,2017-09-19,-0.010507880910682998,0.0,0.3965202718861137,17160.0,107716.50953149474,829,24492366,15559870,675686,428881,3747323,3376070,4128198,3372993,4686009,5285720,3149148,1292098,2462196,0,0,445770,5643806,1358338
312,000852,2017-09-19,0.004926108374384119,0.007741027445461013,0.2802669461975084,28580.0,139615.6518138375,2572,93889290,94140691,1225906,1912501,12171734,13310698,15124263,13901074,21444574,17812879,15718283,9266281,9091705,6683322,5781527,5461287,13331298,25792649
313,000856,2017-09-19,0.0036603221083455484,0.009516837481698293,0.5766844762068007,27370.0,130174.4782797836,2244,61398042,77207630,1060515,1372415,12294701,12287538,12584001,12959152,15108241,16154842,6670926,9593856,4089160,5414302,2761530,4855971,6828968,14569554
314,000858,2017-09-19,-0.0005309734513274655,-0.0008849557522123686,0.969217933914831,96135.0,770854.5322724574,3399,510977054,451116409,583942,351211,13691610,8233237,30159924,17967013,54092108,35613902,40687088,23067913,31416594,24139772,19860511,17189505,320485277,324553856
315,000859,2017-09-19,-0.007575757575757569,-0.0037878787878788955,0.17078351008747614,10470.0,96368.46410625117,956,21507720,19433766,1079281,632795,3132235,3380022,3574443,3511653,3746841,3014613,4037477,1958383,1286137,708770,1312800,1794908,3338506,4432622
316,000860,2017-09-19,-0.016136919315403286,-0.012713936430317707,0.53658762585746,20200.0,207905.82883498675,1452,73979264,36016920,893694,507711,7547404,6351187,6968638,4915859,10962076,5639114,7008059,5227666,3525816,2348674,3235253,1308031,33838324,9718678
317,000861,2017-09-19,0.021052631578947434,0.015789473684210575,0.10842906145654499,12320.0,104092.26140877821,1231,18252700,33534254,1007657,1185091,4137129,6848460,3258871,5916715,2499572,5132895,1107076,2735949,345040,4537102,471625,2124387,5425730,5053655
318,000863,2017-09-19,-0.010810810810810811,-0.005405405405405461,0.2546911009110224,10749.0,70263.49214725262,844,15473288,12968557,743273,790761,3130919,3010285,2970767,3647568,2902829,3685930,2572557,437138,1315283,1396875,0,0,1837660,0
319,000869,2017-09-19,0.000563063063062863,0.0045045045045044585,1.244314164962902,17855.0,86175.67977841837,814,19168995,19029249,443710,496433,3860469,5018213,4308475,3313250,4458517,4287599,2294465,1014311,1052331,709804,1268309,830906,1482719,3358733
320,000875,2017-09-19,-0.001980198019801982,0.0,0.18117050513283844,10100.0,67500.88161106745,777,13930418,7775684,785072,678552,3758272,1934579,2556638,812583,2990872,969687,1653886,1517495,1033230,0,408040,850789,744408,1011999
321,000876,2017-09-19,-0.0040000000000000036,-0.002666666666666595,0.19829761351965233,8988.0,160377.23853695096,1431,36914307,22152026,1702366,1146127,6583500,4553351,5135747,2843900,5150124,3191559,2737118,1118688,2224511,3280584,449400,479468,12931541,5538349
322,000877,2017-09-19,-0.012403100775193798,-0.010852713178294615,0.24280302541571513,26838.0,121516.4871155896,2824,113004996,71893631,1538669,1382808,17861030,11567342,17599866,11364597,25285891,17784969,15690736,12812466,9186930,5182901,7528998,2185611,18312876,9612937
323,000878,2017-09-19,-0.024209818426361718,-0.020847343644922578,0.2929613706589484,29380.0,239933.3367286156,2578,144984956,118963003,870781,2046641,8923593,12856553,7678460,13287674,29924992,26841197,16274169,13072003,8975312,10428095,6775368,7986590,65562281,32444250
324,000880,2017-09-19,-0.016379310344827536,-0.0060344827586207295,0.4063833140791532,5767.5,35284.515357588774,814,9519317,5033740,1013143,452501,3072029,1723381,1838464,1220397,2534260,949901,1061421,687560,0,0,0,0,0,0
325,000881,2017-09-19,-0.007812499999999889,-0.006009615384615419,0.6335548839427783,14903.0,94912.69682708717,689,15277193,11475083,582977,770631,3096257,2782357,3823003,1518272,3243757,2663207,882994,1501490,1024478,1346431,0,892695,2623727,0
326,000882,2017-09-19,0.002732240437158362,0.005464480874316946,0.11570871883962551,11712.0,196985.70603304936,1002,25048026,26431601,680395,953396,3653764,4756889,2487076,3664625,3401993,4679640,1486400,2805249,371312,2255854,447618,400016,12519468,6915932
327,000883,2017-09-19,-0.011695906432748426,-0.005847953216374324,0.15228397269285832,3569.0,82397.51154023239,1136,16913940,10852544,938173,1033127,2833027,1842788,2667893,899738,2350335,1603630,3025727,1406441,1782353,392700,819315,438089,2497117,3236031
328,000885,2017-09-19,-0.014975845410627908,-0.010628019323671412,0.43780413365514753,28263.5,104180.90798046348,2236,75867356,55308033,1095778,967945,12525230,11071125,13783951,12150364,17565333,15205910,11120097,7652439,5642641,3729212,3614808,2209691,10519518,2321347
329,000886,2017-09-19,0.033950617283950546,0.03703703703703698,0.1909474119634236,20398.0,270369.08902439795,1153,45585566,77617489,954204,766431,3707396,4470995,4235227,4691350,7503757,7330373,7049154,6355192,5007055,10085079,4349329,4586504,12779444,39331565
330,000887,2017-09-19,-0.011494252873563204,-0.0022988505747126853,0.44125065228349725,45570.0,326454.05581624253,2431,167647285,135163617,682332,725378,22135022,9152532,17656794,11122004,22422054,14165317,19609720,14876564,6968068,12859464,12780152,8101287,65393143,64161071
331,000888,2017-09-19,-0.0008547008547008517,-0.002564102564102555,0.3497480187047738,13992.0,114779.04052603626,1119,34187725,24753743,895559,994372,4683087,4530310,5339673,3396900,5581145,4864077,4707674,2627105,2512519,2071024,1419375,1334676,9048693,4935279
332,000890,2017-09-19,0.030226700251889005,0.023929471032745564,0.21095316557579055,16160.0,94375.48281111816,1417,22505763,41835098,781879,1562268,4921554,7650734,5200227,9061135,4618003,6032140,2649354,3773797,2808439,4093649,416635,3051841,1109672,6609534
333,000892,2017-09-19,-0.004938271604938205,-0.0012345679012345512,0.37853653332543746,12912.0,81318.42099782293,457,9508245,8523935,376084,551317,2029481,2505912,1399868,1490047,1456852,1286643,1359013,467563,1478287,397710,885499,499153,523161,1325590
334,000893,2017-09-19,-0.007042253521126751,-0.006036217303822755,0.22596614193869147,19760.0,190474.0859971104,1938,59134185,50213790,1793371,1478650,10891201,7881854,9108607,7054291,10520415,9522895,6475445,6240755,4528400,3424290,5523738,2265362,10293008,12345693
335,000895,2017-09-19,-0.008536064874092975,-0.005121638924455829,0.43470515087809075,30316.0,108554.50032991839,2920,101989774,64258329,1555924,1689033,27281342,9827389,21230894,10840002,16211400,12777144,12424427,17213862,5863985,2637689,4488459,2641093,12933343,6632117
336,000897,2017-09-19,0.020361990950226172,0.024886877828054432,0.09375506210559688,20884.0,211112.65277706794,2232,66238564,99358857,1662539,1827072,9667909,9750037,9589190,11410868,8905448,15338985,9601464,9204549,2650901,8606259,4149151,7026508,20011962,36194579
337,000898,2017-09-19,-0.013293943870014702,-0.013293943870014702,0.12319346510536772,8112.0,226948.26479610725,3027,105360251,65284561,4008946,1626633,12638693,8294309,10039214,6661562,9960310,6114225,4558471,5928144,7121513,5784570,3124682,3212176,53908422,27662942
338,000899,2017-09-19,0.0013531799729364913,0.0027063599458727605,0.30850049526196166,7390.0,41121.73041647559,573,4575901,7519572,237776,963019,1056786,2606131,1154011,1868844,490482,1213858,903758,867720,733088,0,0,0,0,0
339,000900,2017-09-19,-0.004878048780487809,-0.003252032520325243,0.19027137820149867,12260.0,100949.04551086787,1045,28701415,13190974,687300,1133977,3689578,3114237,11619235,2780082,3195736,3229424,1794795,1039477,2650101,620754,0,413775,5064670,859248
340,000901,2017-09-19,-0.01862512698950225,-0.012868269556383427,0.7487266166009292,29130.0,155807.5788191365,1555,60043226,43146237,875038,1057764,8367849,6928425,10486417,6925732,15213178,10179673,8570187,4594965,1763862,1007306,1361287,2589937,13405408,9862435
341,000902,2017-09-19,0.013347022587268942,0.01642710472279263,0.210909433657418,2936.0,119434.30994510998,2134,38290792,30951187,3187440,750567,6307776,2538633,4028146,3467425,4863939,4977877,5265708,3138865,1778662,2426922,4287988,1412148,8571133,12238750
342,000903,2017-09-19,-0.012106537530266248,-0.012106537530266248,0.09879727245525928,3260.0,144510.1748724074,1752,37418824,14541405,2582154,796732,6070080,3503170,3557921,1539755,5144535,2060835,3986005,1573831,1110450,313054,1763447,899644,13204232,3854384
343,000905,2017-09-19,-0.007697690692792136,-0.008397480755773179,0.36878388283758673,18434.0,69622.0218850084,1501,37663597,24396865,999852,1279990,9145309,8351705,7446528,5701004,8954711,4016411,5498023,1650574,969404,1031823,2735470,943694,1914300,1421664
344,000906,2017-09-19,0.0010626992561104665,-0.004250797024442199,0.4522696529398541,11741.5,59090.96567680446,432,9413620,4036466,452183,520221,2743412,1578793,2221076,1046402,881343,428869,1296169,462181,656140,0,0,0,1163297,0
345,000908,2017-09-19,0.003968253968253954,0.005291005291005346,0.31756903072510206,7600.0,61521.10123191684,566,7250673,7436487,484997,521118,2080117,2037853,1683060,1465628,904724,913855,201894,987087,1485663,316230,410218,434716,0,760000
346,000909,2017-09-19,-0.013828238719068353,-0.0029112081513829047,0.38983179084170744,13840.0,54170.26111542471,1242,24861834,13872434,1325316,914886,7374688,5468052,5464844,3296946,3868149,2602964,3013290,904759,1310772,684827,1682443,0,822332,0
347,000910,2017-09-19,-0.010599078341013812,-0.004608294930875445,0.6463358026646957,10825.0,56582.659916046854,1127,21252212,12188464,1269593,590282,5638632,3732696,6810122,1436003,5502882,1869817,1672603,1850534,358380,693666,0,432000,0,1583466
348,000911,2017-09-19,-0.013676588897827857,-0.012872083668543866,0.3071269711566643,18412.5,140323.51948499616,1638,58791002,32203685,1177246,1208708,8674486,7652606,7316266,6397103,10636968,8311828,5988936,3095347,3261110,2166349,2649892,416020,19086098,2955724
349,000912,2017-09-19,-0.027108433734939874,-0.02309236947791171,0.2085862990885971,19460.0,95303.70540309681,2282,68696703,40208889,1917475,1916071,11953840,9796121,12476871,9221140,17390141,8518397,4962397,4530945,4224358,1338919,3042020,0,12729601,4887296
350,000913,2017-09-19,-0.016657710908113854,-0.016120365394948988,0.7710804427072064,16717.5,68677.4573135955,582,13724418,6460783,567995,483569,3263803,2269406,3325698,1508774,1375565,1049248,1432845,500006,1006511,649780,917184,0,1834817,0
351,000915,2017-09-19,-0.00796359499431154,-0.009385665529010212,0.9429235372725421,31329.0,130212.5528585587,1391,51299887,41979936,500849,706479,7356110,6204848,7705590,10106006,11625965,8887499,5643631,5013793,4860735,2372903,2281335,882431,11325672,7805977
352,000917,2017-09-19,-0.0036429872495447047,0.0036429872495444826,0.2848248936519997,19764.0,209901.52975448582,1486,49794418,51678199,998157,856911,7461662,5917330,6301834,5606952,7347852,7022239,5163256,6607801,3124627,3922217,2096936,1303136,17300094,20441613
353,000918,2017-09-19,0.016949152542372836,0.02259887005649719,0.1702449257852903,23200.0,123588.89829410812,1732,43876191,63816462,997527,1255213,7354531,8391056,9527282,8837712,10927952,14772949,4556919,8125528,5511684,4195884,891064,2738031,4109232,15500089
354,000919,2017-09-19,-0.009302325581395321,-0.0037209302325580396,0.4635236637143058,13909.0,90996.91633382357,537,14718676,8974810,326848,354721,2164196,2045411,1810649,2848930,2323946,1655068,2342837,466685,1771851,1060998,1283600,0,2694749,542997
355,000920,2017-09-19,0.0,0.005181347150259086,0.5133219128371321,15119.0,67829.35557846879,508,11531999,8398142,368065,334464,2639948,2231588,1787706,1594445,3019698,1584926,1725430,1145583,1374661,1028393,0,478743,616491,0
356,000921,2017-09-19,-0.01594202898550734,-0.010869565217391353,0.3230259377002055,23409.0,101415.18345009685,1825,66283967,38076248,1166777,1100707,11882452,7668953,12719805,7140762,13395910,7717697,8302170,8767724,4512320,1998322,3531820,0,10772713,3682083
357,000922,2017-09-19,-0.01187648456057,-0.01187648456057,0.30536242034054006,16760.0,55570.45700078622,760,18098078,8427637,605202,594227,4784824,2582346,5417156,2105792,4876027,1406856,1590689,1000982,0,317434,0,420000,824180,0
358,000923,2017-09-19,-0.011595221363317032,-0.008081517919887538,0.7693118681779131,19726.0,79982.0554671382,1368,34961659,21428939,822843,1240564,7986074,7162728,6058557,5001177,7730237,4772076,3847980,1459214,1335591,345260,941546,0,6238831,1447920
359,000925,2017-09-19,-0.01084474885844755,-0.0148401826484017,0.7606250039161306,17160.0,90117.16972024443,530,13585733,7263536,291594,567163,2642982,3017550,1407600,1214713,2281749,999222,1802348,243083,679400,307522,499938,914283,3980122,0
360,000926,2017-09-19,0.0038910505836575737,0.017120622568093546,0.2765452653577252,27352.5,247106.98959800444,2162,103060366,123043437,1269514,912633,9933069,8475767,9462485,10250767,14734853,18220594,16069831,14983209,5845849,8684566,4920207,5986539,40824558,55529362
361,000929,2017-09-19,-0.005189028910303928,-0.005930318754633013,0.713079446098393,6710.0,53341.91632445088,357,4933891,3266798,272360,408243,1681841,884452,903768,259467,402200,385696,977670,524340,696052,0,0,804600,0,0
362,000930,2017-09-19,-0.006779661016949157,-0.01016949152542379,0.24972413929503992,125120.0,666645.497864918,3493,543011425,475556670,463358,560271,10957977,9409202,21828752,20275145,49052629,47703751,41838912,44067101,41303374,36993440,33198184,33920585,344368239,282627175
363,000931,2017-09-19,0.01055408970976246,0.01187335092348274,0.2023989574981079,15420.0,87579.50561915539,1403,27560119,34410440,1222895,1302545,6716279,6387965,5098833,5731712,6182533,7088246,3457324,4408646,1460027,5269777,898816,816862,2523412,3404687
364,000932,2017-09-19,0.012658227848101333,0.012658227848101333,0.15435460553860486,21144.0,865832.9815411842,3183,148553390,204732515,1238681,3305469,10377851,14345254,15221010,14221635,20352438,19810916,11675704,14982678,8903996,12246049,7950292,7797707,72833418,118022807
365,000933,2017-09-19,0.005401234567901092,0.0038580246913579863,0.23534793922265462,53402.5,290974.4667770477,3036,205313264,213258130,816758,1184496,11582785,12613196,16211044,19357904,41451299,31838905,21746168,29861986,13791575,15670525,13556697,13995382,86156938,88735736
366,000935,2017-09-19,0.0117647058823529,0.010246679316888052,0.4634875513593438,72076.5,361642.22978854686,3236,280706191,300139888,721796,800194,12584166,12758763,21988949,20025214,36967828,38933370,29878281,24356459,21147235,22921286,20612411,13982362,136805525,166362240
367,000936,2017-09-19,-0.0027100271002709064,0.0,0.2839324698011966,9581.0,100227.83579862269,675,13831379,12204984,605034,719407,2844675,2144867,2244950,3670043,1764182,2705177,1410044,916451,1035194,2049039,475456,0,3451844,0
368,000937,2017-09-19,-0.005706134094151216,0.0,0.13419668621987385,7711.0,148783.95379468467,2735,72454831,67036292,2073580,3268270,8938219,9406134,8046347,6706173,7694796,9404930,7370163,8502596,8605074,6796229,1759159,2627474,27967493,20324486
369,000938,2017-09-19,-0.016925734024179517,-0.008635578583765069,1.5727150573184525,17247.0,171096.68413566178,1355,49623289,38261735,835367,1051579,5731022,6361379,5770867,5390493,6250778,5404905,5391114,4636287,4545164,2779697,2667340,964968,18431637,11672427
370,000939,2017-09-19,-0.017761989342806372,-0.010657193605683735,0.11766120125545337,16755.0,101005.5254638208,2296,65548323,38313190,2022926,1303362,13738212,6748136,12280389,7990657,13282474,9807944,6843106,5748686,4135916,2335460,1792614,431118,11452686,3947827
371,000948,2017-09-19,-0.004118616144975329,-0.0016474464579901982,0.47994998159752067,8512.0,52024.73755412752,639,8692361,8500396,527491,952419,2075276,2528083,2444324,1942178,1511779,1546217,746433,717875,364500,0,449550,813624,573008,0
372,000949,2017-09-19,0.00879120879120876,0.00879120879120876,0.16006660749563983,10109.0,88185.55250798947,808,10552170,17115262,624887,1122510,3253203,4031055,2050762,2055831,2084916,2107300,1376171,1235358,658431,0,0,2143737,503800,4419471
373,000951,2017-09-19,-0.031216361679224924,-0.022604951560817987,0.35643741473481333,16271.0,87402.42811295736,2720,72126471,38662326,2331656,1116380,18835095,9601736,10622490,8179190,15326434,7768588,5877205,4762097,2476694,337625,3130688,1695693,13526209,5201017
374,000952,2017-09-19,-0.041641520820760336,-0.034399517199758645,0.3782045697122855,28602.0,216840.54423329915,1921,101662163,57151861,924571,1574324,9033481,10211642,13533667,11287576,12666400,11523811,5728992,5421002,5028088,4135105,7281485,2804375,47465479,10194026
375,000955,2017-09-19,-0.004518072289156572,0.001506024096385561,0.2542398757190163,13912.5,309815.56269346783,682,10791103,34257612,411124,818339,2484755,3318946,1991096,3406156,2594537,5555080,500492,1859763,1397085,2538992,0,0,1412014,16760336
376,000957,2017-09-19,0.019863013698630194,-0.013013698630136905,0.2583504676769045,68573.0,1258200.3164606034,3201,365581564,520984427,743191,1192240,9464837,15300148,13524246,21233414,27717084,39906086,19863066,26795487,20400798,31009608,16945724,21430314,256922618,364117130
377,000958,2017-09-19,-0.005031446540880502,-0.0012578616352201255,0.17723308857429873,20644.0,91921.66292259861,2014,60428789,40042417,1637120,1571547,11785798,10092551,10425200,7991268,12023423,8805170,9335798,4146366,5573427,1991199,2209313,1742939,7438710,3701377
378,000959,2017-09-19,-0.0027932960893854997,-0.0027932960893854997,0.18053466307522514,5720.0,57473.90010475764,1574,16592307,15547620,866133,1953776,4721472,6302718,2946829,3158780,2522453,2744336,1490446,1388010,685386,0,400706,0,2958882,0
379,000960,2017-09-19,-0.016161616161616155,-0.008754208754208737,0.3246315405759488,19201.0,208258.65227100693,2094,79743757,57916185,1404554,1436907,9753312,10313892,8768885,8740518,12595399,13088092,8597232,4561814,7357005,3433088,4478778,5389154,26788592,10952720
380,000961,2017-09-19,0.008571428571428452,0.011428571428571344,0.13604851821723465,41354.0,352683.7992343703,2653,189425924,248138410,1315447,1427493,9404423,10449413,12266177,12792720,22669604,24560554,16362786,22440518,12828069,17333788,12760639,16503439,101818779,142630485
381,000962,2017-09-19,-0.025592417061611528,-0.016113744075829328,0.32000557595883034,14560.0,97066.86459047883,1087,31931326,14454021,651039,795053,5434625,5145423,4461682,3774721,6421376,1752943,2581731,2263509,2341551,722372,1801834,0,8237488,0
382,000963,2017-09-19,-0.02155713687735461,-0.01506906655504392,1.128057477251178,28278.0,142125.50157132527,1794,83960800,30211115,2304880,936321,13634142,5613361,15440449,5245618,19154160,4892163,9755196,4795509,4200260,3298098,4481509,1386003,14990204,4044042
383,000965,2017-09-19,0.01740294511378848,0.01740294511378848,0.1632319726145325,25568.0,149439.36151552555,2096,63244246,92656944,1379116,1582154,9467315,11004923,10406200,12542576,12051614,16421675,5326155,10902461,7242570,7824904,3014734,5497504,14356542,26880747
384,000966,2017-09-19,-0.006147540983606592,0.0,0.1584318097842123,11688.0,49552.78519029116,949,18693880,6471114,1164835,667031,7657264,2290099,3083858,1673384,2397585,1252189,2097789,588411,710200,0,905493,0,676856,0
385,000967,2017-09-19,0.021671826625387025,0.02063983488132104,0.2664187735997567,17712.0,111536.16492981916,1323,21501220,41548964,1186730,1792120,5938112,6266388,3979924,6124445,5085109,8753068,3992763,4959704,694838,3456789,0,1803799,623744,8392651
386,000968,2017-09-19,0.0070739549839227145,-0.0019292604501608412,0.4225718444709734,20020.0,80725.66584924674,1355,34153932,29206148,1066628,946629,6650425,7030146,6215427,6815780,13231884,5138433,2032539,2334509,2100017,1340976,2308384,458800,548628,5140875
387,000969,2017-09-19,-0.015057573073516406,-0.00797165633303809,0.24748798364237282,23646.0,191567.6563013408,2083,92100918,65941676,1209466,923155,10722754,9527166,10714591,10052062,15374945,12961410,10548967,9130058,5823748,4971460,7493082,5353583,30213365,13022782
388,000970,2017-09-19,-0.00358056265984652,0.003580562659846631,0.33829659455114275,145996.0,591864.2881807463,3343,539958433,550944038,604277,675253,8107150,8370347,17265656,17714765,43979062,42934534,45689303,42349315,43924433,40979069,30005567,31536679,350382985,366384076
389,000971,2017-09-19,-0.020771513353115778,-0.01721068249258173,0.5383073042351165,9978.0,106592.4038594943,979,23570201,9599755,1210810,1068696,3382043,3454255,3231287,1655064,5008199,1146158,1890903,681897,2139524,352556,1410014,470629,5297421,770500
390,000972,2017-09-19,-0.0023529411764705577,-0.0023529411764705577,0.24502839744722557,8480.0,66091.41281945648,300,4716902,3438654,315433,261804,1336140,941005,504351,651288,803286,970007,909692,252450,0,362100,0,0,848000,0
391,000973,2017-09-19,-0.01416765053128699,-0.010625737898465104,0.17157036852396107,30816.0,219803.91849816276,2441,103318532,102096109,1286908,1694380,12376779,11687535,15594228,11622645,22498006,17185961,10112451,12620340,9026437,5786908,8008521,7251370,24415202,34246970
